3892 5892
561 880 620 937 120
854 876 1111 937 mammarum
1128 876 1264 935 cauom
1283 879 1338 935 vn

563 998 703 1088 seratis,
719 986 807 1069 nibil
827 998 873 1070 ad
890 998 988 1073 illam
1000 998 1127 1073 urbem
1140 1024 1183 1072 ex
1199 1000 1356 1073 inferiori
1371 1013 1472 1098 parte
1484 1022 1622 1097 prove-

561 1114 639 1189 nire
652 1126 806 1213 poterat.
827 1118 880 1185 Ex
897 1116 1081 1214 superiore
1095 1130 1215 1189 autem
1231 1116 1393 1212 regione,
1407 1140 1491 1187 cum
1507 1116 1620 1187 etiam

563 1233 728 1329 Sequana
741 1244 889 1330 propter
898 1232 1093 1305 Meldinum
1114 1247 1151 1304 et
1165 1233 1233 1305 alia
1243 1232 1396 1331 oppida,
1410 1246 1446 1314 et
1457 1234 1621 1305 Materna

563 1362 710 1445 propter
740 1347 981 1434 Latiniacum,
1000 1346 1112 1420 clausi
1133 1361 1268 1439 essent,
1290 1346 1366 1419 fieri
1386 1370 1459 1419 non
1477 1362 1621 1445 poterat

564 1462 650 1559 quin
672 1462 766 1533 same
783 1476 891 1559 atque
907 1463 1071 1533 omnium
1093 1487 1213 1534 rerum
1235 1463 1357 1559 inopia
1373 1462 1621 1534 miserabiliter

563 1578 810 1651 conficeretur.
834 1582 924 1651 Cum
944 1579 1051 1675 igitur
1065 1578 1111 1650 ad
1127 1593 1262 1651 tantam
1279 1577 1365 1650 urbs
1381 1578 1456 1677 ipsa
1474 1577 1619 1649 calami-

563 1707 673 1765 tatem
689 1692 843 1769 adducta
857 1692 1024 1765 venando
1042 1692 1182 1785 luisset,
1199 1718 1278 1790 quae
1293 1695 1428 1789 majore
1450 1717 1495 1764 ex
1517 1707 1619 1789 parte

563 1832 710 1880 suorum
723 1808 976 1880 numerositate
992 1809 1144 1897 civium,
1164 1832 1235 1904 qua
1253 1832 1326 1883 una
1341 1833 1380 1881 re
1391 1810 1525 1881 caeteris
1540 1833 1620 1879 om·

563 1922 670 1993 nibus
681 1921 828 1995 urbibus
846 1921 1050 1995 Occidentis
1067 1921 1258 2021 aliquando
1274 1914 1529 2022 praecelluerat,
1549 1949 1619 1996 nu·

563 2036 647 2109 data
663 2050 756 2127 erat,
780 2052 821 2110 ut
846 2061 953 2135 supra
971 2036 1141 2130 diximus,
1161 2062 1228 2109 nec
1251 2038 1362 2111 ullum
1373 2039 1449 2135 jam
1465 2040 1619 2136 reperire

565 2152 668 2225 sciret
700 2152 870 2247 ellugium
895 2154 1089 2250 quominus
1112 2152 1160 2225 ad
1186 2166 1395 2225 venatorum
1413 2154 1500 2226 retia
1520 2152 1618 2226 labe·

476 2332 480 2346 ,
564 2279 684 2357 retur,
718 2266 950 2339 nihilominus
989 2282 1108 2341 tamen
1140 2267 1258 2340 adhuc
1286 2268 1403 2344 eidem
1431 2268 1620 2341 subvenire

549 2380 685 2452 ¹conati
699 2394 784 2453 sunt
796 2382 911 2477 Angli.
926 2385 1015 2454 Nam
1025 2382 1108 2455 illuc
1122 2406 1167 2455 ex
1178 2380 1301 2479 Anglia
1312 2382 1475 2455 militiam
1486 2405 1619 2455 novam

564 2494 790 2586 invexerunt,
809 2497 947 2568 circiter
962 2496 1009 2567 ad
1024 2496 1098 2567 duo
1113 2496 1223 2570 millia
1238 2498 1419 2595 equitum;
1437 2499 1520 2595 qui,
1536 2523 1621 2569 cum

564 2610 725 2706 quodam
739 2611 796 2683 die
811 2612 953 2684 obviem
968 2612 1110 2684 Francis
1121 2612 1284 2708 ivissent,
1303 2612 1423 2711 quide
1439 2614 1622 2685 Pontisara

565 2739 601 2797 et
626 2726 702 2798 aliis
727 2724 985 2798 munitionibus
1007 2751 1091 2817 cum
1112 2751 1242 2825 magno
1267 2731 1408 2827 agmine
1438 2729 1530 2799 circa
1551 2743 1622 2799 ter-

567 2842 685 2910 minos
710 2840 1007 2937 Sancti-Dionysii
1031 2840 1289 2935 adventarant,
1309 2844 1513 2917 babuerunt
1538 2867 1623 2915 cum

568 2951 702 3023 eisdem
735 2954 877 3025 Francis
898 2954 1011 3043 ‚valde
1034 2954 1210 3029 infelicem
1234 2982 1463 3055 congressum
1477 2964 1507 3052 ¹3
1535 2984 1622 3032 nam

567 3090 668 3163 paenc
684 3090 809 3139 omnes
826 3069 882 3141 vel
897 3070 977 3141 caesi
1000 3070 1056 3143 vel
1072 3073 1166 3169 capti
1183 3074 1292 3149 suere.
1318 3080 1395 3149 Hoc
1412 3091 1530 3149 autem
1545 3102 1620 3149 non

568 3181 714 3254 fortuito
729 3198 791 3255 aut
802 3184 988 3273 casualiter
997 3188 1045 3259 ita
1060 3190 1248 3285 contigisse
1260 3192 1436 3265 creditum
1449 3207 1521 3283 est;
1536 3218 1621 3265 nam

569 3322 613 3371 ex
637 3298 773 3371 civibus
801 3302 1052 3397 Parisiensibus
1078 3329 1153 3377 non
1183 3307 1308 3401 exigua
1330 3308 1522 3381 multitudo
1545 3310 1620 3404 jam

574 3437 656 3483 cum
675 3418 892 3488 Francorum
909 3416 1061 3491 ducibus
1075 3418 1122 3491 de
1138 3419 1234 3491 urbis
1258 3420 1440 3494 deditione
1461 3422 1623 3495 facienda

571 3530 664 3602 clam
686 3544 721 3601 et
743 3546 879 3604 secreto
901 3549 1134 3625 convenerat,
1160 3534 1364 3608 auctoribus
1390 3538 1560 3611 Michaele
1579 3538 1623 3610 de

570 3646 687 3717 lalrkr
713 3662 749 3719 et
774 3648 964 3721 Guillelmo
981 3653 1181 3749 Sanguin’,
1208 3653 1270 3750 qui
1294 3653 1387 3724 inter
1410 3654 1499 3727 alios
1527 3656 1623 3727 cives

572 3776 609 3833 et
623 3760 872 3859 locupletiores
892 3779 928 3835 et
951 3764 1158 3838 famosiores
1169 3782 1249 3839 tum
1266 3766 1502 3841 habebantur.
1519 3768 1623 3842 Unde

572 3874 619 3949 ad
642 3876 882 3975 recipiendam
898 3876 1106 3973 hujusmodi
1128 3882 1347 3956 deditionem
1362 3883 1465 3981 (cum
1483 3908 1624 3983 semper

570 3994 607 4065 in
637 3991 725 4065 urbe
750 4016 877 4088 magna
901 3994 1055 4067 solerent
1076 4021 1152 4070 esse
1177 3999 1372 4096 anglorum
1387 4000 1567 4099 praesidia,
1587 4017 1622 4075 et

610 4236 639 4293 l.
662 4238 702 4293 Le
715 4233 855 4293 rendredi
869 4235 943 4294 saint
956 4238 975 4294 6
986 4236 1059 4295 avril
1076 4240 1164 4297 1436.

607 4326 637 4383 2.
660 4323 765 4383 Michel
791 4323 897 4385 Lallier
915 4338 943 4383 et
965 4325 1130 4385 Guillaume
1149 4325 1278 4406 sanguin
1299 4327 1405 4389 etaient
1424 4327 1559 4391 &herim
1584 4328 1622 4391 de

569 4410 660 4470 Paris.
675 4416 747 4471 Jean
760 4412 891 4471 Chartier
902 4432 940 4471 ne
952 4432 1069 4474 nomme
1082 4433 1133 4493 pas
1148 4413 1294 4493 Sanguin,
1310 4418 1383 4476 mab
1394 4423 1468 4478 Jean
1486 4420 1621 4479 Delefou-

568 4498 647 4558 taine
666 4512 695 4557 et
709 4502 806 4561 Pierre
829 4501 866 4561 de
878 4506 1021 4583 langres,
1037 4507 1054 4561 l
1069 4504 1121 4581 qui
1132 4502 1329 4565 retardemur
1347 4525 1400 4585 pas
1413 4507 1450 4569 de
1463 4528 1495 4569 se
1506 4506 1623 4583 joindre

568 4586 692 4653 'Ibomm
701 4588 844 4671 Pigache,
858 4591 970 4655 Nicolas
986 4591 1024 4653 de
1033 4594 1173 4655 louviers
1185 4605 1214 4654 et
1226 4598 1347 4675 Jacques
1361 4595 1398 4657 de
1410 4598 1558 4679 Ilergetes.
