3892 5892
566 916 624 972 228
847 916 1101 1003 msronunou
1121 919 1257 979 canoni
1276 920 1328 976 vn

615 1038 734 1115 Plures
748 1040 853 1112 etiam
871 1066 914 1113 ex
927 1043 1038 1139 portis
1053 1043 1202 1115 civitatis
1218 1042 1334 1132 cives,
1350 1040 1486 1137 absque
1499 1038 1632 1137 aliqua

565 1179 685 1244 mora,
704 1173 992 1254 occupaverunt3
1008 1182 1072 1256 per
1088 1183 1176 1255 quas
1188 1180 1351 1229 cursores
1365 1156 1567 1243 emittentes
1579 1180 1632 1228 ac

563 1270 681 1342 varios
707 1272 852 1343 nuntios
876 1271 920 1343 ad
946 1273 1115 1344 Carolum
1146 1297 1265 1371 regem
1294 1285 1330 1343 et
1361 1294 1466 1359 suos,
1498 1294 1628 1341 rerum

565 1386 790 1485 praesentium
812 1401 943 1459 statum
964 1387 1148 1461 celerrime
1173 1390 1421 1461 innotuerunt.
1447 1383 1501 1457 Ad
1525 1411 1626 1483 quos

565 1526 648 1573 cum
668 1518 745 1575 toto
766 1503 943 1593 exercitu,
962 1504 1114 1601 quinon
1132 1503 1258 1602 procul
1275 1501 1416 1593 aberat,
1440 1525 1483 1573 ex
1501 1516 1623 1573 castro

564 1617 818 1693 Pontislrcbae
842 1620 1155 1718 properantissime
1184 1643 1373 1691 accurrens
1409 1616 1624 1714 (metuebat

562 1734 660 1803 enim
675 1756 721 1803 ne
736 1757 866 1831 magna
882 1733 1097 1830 Anglorum,
1116 1759 1195 1832 quae
1210 1734 1280 1805 illic
1300 1746 1397 1826 erat,
1418 1756 1545 1805 manus
1561 1729 1621 1803 vel

563 1873 642 1946 quae
654 1873 696 1919 ex
714 1847 790 1920 aliis
806 1848 948 1947 oppidis
961 1864 997 1922 et
1014 1849 1184 1941 castellis,
1204 1874 1282 1947 quae
1295 1873 1367 1921 suae
1382 1847 1501 1934 adhuc
1515 1862 1621 1920 erant

562 1962 727 2054 ditionis,
747 1963 916 2036 velociter
937 1963 1129 2038 adventare
1151 1965 1343 2063 potuisset,
1364 1963 1617 2039 detrimentum

525 2064 530 2073 ⁸
562 2076 695 2149 civitati
714 2079 897 2177 inferret),
919 2106 1002 2152 cum
1024 2080 1185 2177 Anglicos
1209 2081 1302 2153 intra
1324 2078 1614 2167 arces-reclusos,

561 2207 597 2264 et
618 2193 748 2266 civium
777 2194 1043 2279 multitudinem
1068 2196 1257 2295 praevalere
1285 2196 1487 2267 incivitate
1514 2194 1618 2266 intel·

562 2305 726 2401 lenisset,
764 2311 802 2382 in
833 2313 1049 2384 monasterio
1081 2326 1201 2384 autem
1230 2313 1365 2383 Sanctae
1395 2308 1613 2398 Catharinae,

560 2422 659 2521 quod
678 2426 715 2498 in
736 2428 868 2500 montis
884 2422 1022 2501 vertice
1038 2428 1144 2499 situm
1165 2442 1236 2522 est,
1255 2426 1317 2525 qui
1332 2426 1512 2524 prominet
1531 2426 1618 2497 civi·

559 2543 642 2634 tati,
661 2541 743 2615 loco
761 2543 910 2642 quidem
932 2545 1016 2616 satis
1032 2543 1188 2635 munito,
1208 2542 1271 2627 sed
1294 2543 1355 2640 qui
1372 2540 1418 2613 ab
1440 2539 1614 2638 Anglicis,

560 2683 643 2731 cum
665 2660 859 2732 tumultum
887 2660 987 2732 illurn
1014 2662 1051 2731 in
1076 2660 1218 2733 civitate
1235 2658 1397 2756 regisque
1421 2656 1616 2730 adventum

382 2838 387 2845 .
475 2768 479 2774 ’
559 2801 641 2849 cum
664 2778 821 2849 exercitu
844 2774 1023 2867 viderent,
1050 2776 1163 2847 fuerat
1180 2774 1389 2867 derelictus,
1415 2799 1453 2847 se
1469 2775 1614 2873 recepit.

559 2892 680 2963 Noluit
699 2905 818 2964 autem
840 2886 940 2987 quod
965 2913 1008 2961 ea
1030 2888 1119 2961 hora
1138 2914 1223 2961 suus
1247 2890 1418 2963 exercitus
1438 2890 1615 2961 civitatem

556 3008 704 3077 intraret
729 3006 825 3103 (jam
846 3006 942 3077 enim
966 3030 1081 3104 prope
1098 3003 1286 3104 vesperum
1306 3004 1425 3103 erat),
1444 3006 1549 3101 quia,
1568 3029 1616 3077 ne

557 3123 695 3215 forsan,
715 3123 745 3193 si
760 3135 857 3194 totus
873 3122 1063 3195 introiisset
1080 3136 1165 3193 tunc
1182 3122 1375 3215 exercitus,
1392 3146 1469 3195 sese
1488 3120 1615 3193 milites

557 3230 779 3337 adpraedam
807 3236 990 3311 dedissent
1009 3239 1072 3334 (ex
1096 3263 1169 3335 quo
1196 3237 1428 3336 periculosius
1443 3238 1536 3309 inter
1552 3260 1615 3307 eos

556 3368 592 3426 et
607 3354 702 3427 cives
718 3353 892 3426 tumultus
908 3354 1039 3425 exoriri
1052 3353 1269 3452 potuisset),
1293 3376 1368 3425 non
1390 3350 1612 3424 irrationabi-

556 3467 634 3540 liter
650 3470 849 3542 verebatur.
876 3468 945 3539 Sed
963 3468 1121 3565 primum
1147 3467 1294 3563 ingressi
1319 3479 1402 3538 sunt
1425 3466 1613 3565 episcopus

467 3607 474 3634 ⁸
557 3584 822 3673 lexoviensis¹,
843 3582 978 3680 dequo
997 3583 1032 3653 in
1057 3578 1297 3679 superioribus
1314 3580 1533 3653 mentionem
1546 3580 1609 3652 ha·

555 3695 720 3789 buimus,
744 3712 778 3768 et
796 3696 965 3768 dominus
981 3695 1027 3767 de
1050 3696 1239 3767 'sorciaco'
1262 3719 1345 3766 cum
1373 3708 1518 3767 centum
1539 3693 1612 3765 lau·

555 3814 648 3901 ocis,
674 3838 753 3910 quae
769 3812 1114 3909 quadringentorum
1137 3811 1294 3882 virorum
1309 3825 1528 3884 armatorum
1544 3834 1611 3881 nu·

555 3953 693 3999 merum
726 3926 912 3998 faciebant.
942 3924 1178 3998 Postmodum
1204 3950 1311 4018 vero,
1332 3950 1414 3999 cum
1437 3927 1512 4023 jam
1539 3948 1610 3997 nox

553 4058 666 4134 esset,
695 4045 803 4116 etiam
824 4042 984 4114 introivit
1010 4041 1188 4114 civitatem
1205 4065 1327 4115 comes
1348 4042 1504 4113 Dorval⁸
1528 4065 1611 4114 cum

594 4208 624 4268 l.
645 4204 769 4263 Thomas
781 4204 877 4265 Basin.

593 4296 624 4351 2.
647 4298 719 4352 Jean
741 4292 871 4353 Chartier
885 4309 1003 4349 nomme
1022 4289 1121 4349 Pierre
1138 4288 1174 4349 de
1198 4287 1287 4349 Bria&
1308 4308 1420 4349 comme
1441 4290 1469 4351 le
1483 4290 1612 4369 premier

554 4382 605 4460 qui
628 4395 709 4441 entra
729 4382 800 4441 dans
819 4381 848 4441 la
861 4380 945 4439 ville.
963 4376 1074 4439 llobert
1093 4378 1214 4437 Blondel
1229 4377 1270 4453 (l.
1288 4383 1340 4454 111,
1356 4399 1383 4439 c.
1402 4382 1477 4455 xv),
1499 4380 1570 4441 rend
1584 4381 1610 4440 le

553 4473 648 4528 meme
659 4471 860 4553 'temoignage3
876 4468 947 4529 mais
960 4468 1036 4528 celui
1052 4467 1088 4527 de
1100 4466 1225 4527 Thomas
1238 4468 1324 4529 Basin
1337 4482 1379 4529 est
1391 4468 1428 4528 ici
1439 4466 1505 4549 plus
1517 4469 1609 4529 oonsi-

556 4557 785 4709 dedlhlemanieu
798 4648 945 4725 d'Albret,
963 4648 1099 4731 seigneur
1115 4642 1242 4707 d’Orval.
1289 4662 1291 4665 ·
