3892 5892
499 882 538 939 86
787 877 1046 938 msroattttutt
1063 878 1202 939 caston
1222 882 1276 937 v11

498 997 755 1075 conterendam
776 996 1002 1098 superbiam,
1026 988 1067 1073 et
1088 1012 1130 1073 ut
1151 1000 1299 1099 nequis
1320 1031 1339 1068 <r
1354 1015 1467 1101 ponat
1486 1025 1564 1077 eer-

498 1140 583 1189 nem
593 1114 781 1190 brachium
796 1138 919 1203 suum,
935 1112 1122 1188 »sednon
1139 1114 1177 1186 in
1193 1115 1362 1207 Deo,·sed
1374 1117 1412 1189 iu
1428 1117 1563 1216 seipso

498 1233 577 1305 solo
591 1232 637 1305 de
654 1230 798 1329 suisque
813 1228 949 1303 viribus
963 1227 1135 1325 glorietur
1145 1229 1255 1321 ,dicta
1269 1231 1468 1313 lobannae
1482 1236 1562 1309 Deo

497 1350 604 1427 missa
621 1347 744 1439 fuerit,
763 1361 799 1419 et
824 1345 1058 1420 nihilominus
1074 1346 1175 1444 quod
1197 1372 1279 1423 eam
1299 1349 1490 1441 uoueret
1514 1349 1565 1425 ob

498 1466 590 1563 regis
605 1463 661 1537 vel
672 1467 786 1561 gentis
794 1467 820 1537 F
821 1486 1015 1536 raucorum
1031 1461 1223 1554 demerita,
1236 1464 1474 1563 utpote'quod
1484 1478 1565 1539 tan-

499 1599 618 1659 torum
626 1580 904 1670 beneficiorum,
917 1594 1050 1678 quanta
1064 1585 1161 1653 Deus
1178 1604 1242 1680 per
1258 1606 1340 1657 eam
1354 1572 1440 1681 ipsis
1456 1578 1565 1661 mira·

497 1700 616 1775 biliter
622 1682 823 1771 contulerat
834 1752 843 1791 ,
856 1696 1000 1793 ingrati,
1016 1721 1092 1770 nou
1112 1696 1264 1801 proinde
1275 1697 1415 1776 debitas
1428 1700 1565 1795 egerint

499 1814 829 1913 gratiasdirinitati,
842 1813 1341 1891 autvietoriaseisconcessas
1354 1838 1429 1889 non
1446 1816 1567 1912 gratiae
1664 1844 1672 1853 ·

499 1932 583 2025 Dei,
615 1931 680 2005 sed
701 1932 773 2005 suis
797 1931 934 2005 meritis
960 1945 1024 2005 aut
1048 1929 1187 2005 viribus
1216 1930 1448 2007 attribuerint
1461 1932 1567 2030 (quae

499 2050 624 2122 merita
653 2047 815 2148 profecto
843 2047 941 2123 nulla
967 2048 1036 2121 nisi
1058 2048 1153 2123 mala
1180 2063 1268 2123 tune
1298 2064 1423 2143 eraut,
1453 2074 1566 2149 quum

500 2190 619 2237 mores
643 2166 903 2265 corruptissimi
936 2181 1075 2261 essent,
1102 2192 1166 2239 seu
1196 2165 1267 2240 alia
1286 2192 1394 2241 causa
1425 2169 1565 2267 aliqua,

496 2284 592 2380 justa
607 2281 774 2381 quidem,
792 2283 964 2381 quoniam
976 2308 1052 2357 non
1066 2298 1120 2356 est
1131 2284 1229 2384 apud
1242 2289 1361 2357 Deum
1375 2286 1565 2384 iniquitas,

500 2400 583 2472 lieet
609 2424 630 2471 a
657 2397 764 2474 nobis
785 2397 934 2473 minime
957 2399 1147 2496 cognita),
1175 2399 1222 2473 ab
1243 2382 1410 2474 hostibus
1424 2402 1509 2500 capi
1532 2415 1569 2474 et

500 2516 677 2617 supplicio
693 2517 743 2589 sio
759 2541 839 2589 eam
856 2514 949 2589 allici
965 2517 1189 2615 permiserit,
1207 2520 1357 2615 gratiam
1364 2541 1478 2615 quam
1492 2542 1569 2613 gra·

501 2635 546 2707 tis
572 2656 639 2706 nec
663 2631 883 2707 merentibus
909 2633 1078 2724 dederat,
1109 2633 1155 2705 ab
1182 2634 1397 2731 indiguisse
1423 2635 1569 2732 ingratis

502 2747 762 2825 subtrahendo.
798 2751 898 2847 Saepe
927 2748 1025 2820 enim
1051 2750 1151 2846 quod
1173 2750 1296 2823 divina
1324 2752 1439 2851 pietas
1470 2749 1571 2823 dedit

502 2870 629 2967 gratis,
649 2865 729 2936 tulit
744 2863 902 2959 ingratis.
923 2862 1033 2950 Quod
1054 2880 1176 2937 autem
1193 2886 1259 2965 per
1278 2866 1441 2941 foeminas
1458 2868 1571 2939 inter·

475 3064 476 3069 ,
502 2986 591 3057 dum
613 3006 698 3053 cum
722 2980 850 3073 armis,
869 2979 1054 3051 interdum
1076 2982 1154 3053 sine
1170 2982 1297 3075 armis,
1315 2985 1388 3057 suis
1412 2981 1569 3055 subven-

503 3104 639 3196 tionem
655 3113 691 3172 et
711 3096 943 3170 victoriarum
964 3093 1091 3170 solatia
1113 3096 1160 3171 de
1179 3098 1343 3173 hostibus
1360 3104 1457 3174 Deus
1479 3122 1570 3171 eou-

455 3276 460 3321 ,¹
502 3216 644 3308 tulerit,
672 3229 778 3289 testes
805 3228 888 3287 sunt
917 3212 1072 3287 historiae
1099 3213 1147 3287 de
1170 3215 1362 3311 Debbora,
1388 3215 1514 3290 ludith
1533 3230 1572 3289 et

504 3333 644 3427 Esther,
679 3357 760 3431 quae
787 3332 921 3410 canoni
950 3332 1155 3406 divinarum
1186 3335 1446 3433 seripturarum
1477 3334 1570 3408 inse-

446 3438 450 3457 ’
503 3474 645 3533 runtur.
1340 3499 1346 3526 r

444 3602 447 3623 =
552 3577 695 3649 Talibus
711 3579 820 3675 igitur
837 3577 883 3650 de
903 3578 1083 3668 lohanna,
1101 3578 1197 3651 dieta
1213 3577 1353 3671 Puella,
1371 3580 1568 3669 recensitis,

480 3787 482 3793 Ι
504 3692 550 3765 de
566 3692 668 3789 cujus
687 3688 878 3787 missione,
900 3709 935 3766 et
947 3692 1233 3793 apparitionibus
1248 3707 1282 3765 et
1293 3694 1571 3768 revelationibus

502 3833 568 3907 per
601 3831 682 3882 eam
708 3810 867 3899 assertis,
894 3809 984 3883 nulli
1011 3834 1080 3909 pro
1109 3834 1176 3882 suo
1202 3825 1370 3909 captust
1398 3812 1567 3906 arbitrio,

502 3926 604 4021 quod
619 3926 792 4017 voluerit,
811 3929 861 3997 sic
876 3927 933 3999 vel
952 3926 1055 3999 aliter
1067 3926 1245 4000 sentiendi
1259 3927 1451 4002 adimimus
1466 3929 1571 4002 liber·

458 4140 467 4147 ·
503 4058 636 4137 tatem,
665 4042 713 4116 ad
736 4042 949 4117 narrationis
967 4058 1095 4116 nostrae
1121 4044 1252 4119 seriem
1277 4044 1570 4145 prosequendam

505 4166 759 4233 revertamur¹.

544 4371 574 4427 l.
590 4372 655 4429 Une
671 4370 764 4449 partie
780 4368 817 4431 de
836 4388 870 4427 ce
888 4368 940 4446 qui
953 4367 1079 4447 precede
1091 4388 1110 4427 a
1126 4369 1171 4429 ete
1188 4368 1344 4429 intersilbe
1357 4369 1430 4431 dans
1446 4369 1489 4431 les
1504 4372 1569 4428 Au·

503 4461 580 4515 nater
604 4462 750 4517 Flandrr'a
778 4458 814 4519 de
839 4463 950 4536 Meyer,
980 4456 1031 4522 lib.
1048 4462 1125 4519 xvt.
1151 4463 1192 4518 Le
1217 4459 1348 4539 elrapitre
1370 4459 1464 4519 entier
1477 4458 1570 4538 ligure

501 4547 595 4628 parmi
608 4547 650 4607 les
665 4568 790 4628 preuves
802 4571 859 4613 nux
878 4550 980 4609 Preces
993 4553 1147 4609 delerare
1162 4554 1191 4607 la
1203 4552 1330 4625 Pueelle,
1344 4562 1366 4608 t.
1383 4552 1435 4627 lv,
1451 4568 1481 4627 p.
1499 4550 1568 4607 ³⁴0.
