3892 5892
514 878 561 935 88·
795 876 1054 937 HISTORIARUM
1073 876 1208 936 cultou
1227 878 1281 935 vn

513 1000 666 1101 pulavit;
689 1016 724 1093 et
740 1003 902 1101 quamvis
918 1002 1094 1101 capitanei
1110 1016 1217 1101 atque
1232 1002 1341 1075 duces
1360 1000 1568 1099 Anglorum,

512 1144 557 1192 eo
574 1118 675 1217 quod
697 1118 785 1191 dum
800 1120 894 1217 ipsos
909 1118 1044 1215 Anglici
1060 1117 1330 1218 apprehendere
1346 1120 1567 1217 potuissent,

511 1235 588 1307 sine
605 1232 682 1306 ulla¹
700 1234 927 1307 miseratione
942 1232 1226 1325 interficiebant,
1244 1233 1397 1305 multum
1414 1259 1506 1306 curae
1526 1260 1569 1308 ac

511 1348 700 1449 diligentiae
714 1375 815 1450 poene
827 1374 966 1448 semper
982 1348 1173 1422 habuerint
1185 1365 1224 1421 ut
1240 1350 1448 1447 hujusmodi
1461 1353 1569 1450 pesti-

511 1464 660 1538 lentium
677 1465 831 1538 serarum
855 1488 983 1562 genere
1001 1465 1223 1563 provinciam
1240 1481 1494 1565 expurgarent,
1520 1468 1569 1539 ita

510 1597 549 1654 ut
566 1573 811 1679 quoscumque
826 1604 869 1653 ex
889 1581 939 1652 eis
956 1580 1264 1679 comprehendere
1285 1596 1455 1680 poterant
1471 1580 1566 1655 illico

510 1698 618 1771 furcis
633 1722 676 1770 ac
689 1694 858 1797 patibulis
871 1694 1056 1793 affigerent
1071 1751 1082 1788 ,
1100 1722 1287 1795 nunquam
1304 1711 1424 1769 tamen
1445 1722 1566 1771 semen

509 1814 597 1886 illud
623 1814 694 1889 ulia
716 1804 899 1911 diligentia
917 1812 975 1885 vel
995 1826 1070 1887 arte
1091 1814 1326 1886 exterminare
1348 1828 1564 1912 potuerunt,

509 1927 682 2030 quamdiu
700 1926 956 2001 Normanniam
972 1928 1200 2003 incoluerunt
1213 1954 1255 2002 ac
1270 1944 1477 2003 tenuerunt.

556 2050 689 2118 Verum
707 2046 737 2117 si
751 2045 899 2143 quidem
916 2059 952 2117 et
970 2048 1214 2144 experimento
1231 2042 1369 2143 liquido
1386 2044 1564 2144 approba·

507 2177 585 2235 turn
600 2161 791 2234 consilium
809 2160 924 2253 suerit,
937 2162 1034 2260 quod
1051 2162 1199 2259 quidam
1216 2160 1383 2233 sacerdos
1395 2167 1567 2235 Norman·

507 2280 574 2350 niae
596 2280 688 2351 inter
709 2278 873 2374 Anglicos
893 2266 1028 2377 piures,
1047 2279 1084 2349 in
1111 2302 1234 2350 mensa
1250 2277 1392 2370 sedens,
1410 2279 1461 2351 eis
1480 2305 1566 2378 prae·
1694 2344 1699 2352 .

505 2391 596 2465 buit.
623 2398 717 2464 Dum
749 2393 845 2465 enirn
877 2392 970 2464 inter
995 2417 1033 2463 sc
1069 2392 1115 2465 de
1141 2390 1350 2489 hujusmodi
1383 2392 1566 2489 Brigaudis

506 2525 757 2607 quererentur,
780 2509 1093 2609 colloquendoque
1118 2533 1414 2607 unumquemque
1438 2533 1565 2585 eorum

505 2623 569 2721 qui
588 2646 718 2693 mensae
732 2621 921 2695 adstabant
934 2622 1209 2719 requirerentur
1219 2643 1321 2691 snam
1336 2618 1471 2693 diceret
1481 2624 1564 2720 opi·

505 2736 666 2826 nionem,
683 2760 840 2833 quanam
855 2736 911 2807 via
927 2759 989 2806 seu
1002 2736 1145 2831 ingenio
1157 2732 1406 2829 hujuscemodi
1422 2738 1564 2833 nequis-

503 2852 635 2924 simum
650 2851 842 2923 hominurn
853 2852 965 2947 genus
978 2852 1133 2950 apatriae
1150 2850 1280 2923 finibus
1294 2853 1407 2924 arceri
1422 2869 1559 2952 posset,

502 2988 584 3038 cum
603 2968 848 3065 unusquisque
868 2964 1077 3063 bogiorum,
1099 2992 1192 3061 nnus
1208 2992 1332 3061 unam,
1351 2967 1442 3041 alius
1456 2970 1562 3043 aliam
1666 3056 1674 3071 ,

502 3083 716 3155 senteutiam
732 3079 888 3174 dixisset,
907 3080 1055 3153 tandem
1072 3082 1119 3156 ad
1136 3082 1236 3155 illum
1249 3082 1390 3162 bouum
1407 3084 1562 3184 presby-

502 3210 619 3268 terum
637 3196 831 3269 deventum
848 3212 913 3291 est,
927 3198 1004 3295 qui,
1023 3199 1216 3294 requisitus
1236 3213 1276 3270 ut
1301 3214 1337 3271 et
1360 3200 1436 3298 ipse
1459 3226 1561 3275 suam

502 3314 607 3387 etiam
625 3315 759 3403 diceret
775 3315 1002 3410 seutentiam,
1021 3316 1142 3389 multis
1158 3316 1350 3414 propositis
1363 3319 1562 3392 excusatio-

501 3431 625 3524 nibus,
650 3432 800 3532 rogubat
827 3447 867 3505 nt
888 3432 986 3505 velut
1011 3434 1134 3507 talium
1158 3457 1279 3504 rernm
1304 3432 1429 3528 ignaro
1453 3450 1561 3536 atquc

501 3546 688 3648 inexperto
705 3564 923 3649 parceretur,
937 3573 1022 3620 cum
1041 3574 1109 3623 uec
1127 3546 1338 3621 sacerdotali
1348 3548 1560 3645 professioni

500 3668 708 3739 conveniret
717 3665 763 3737 de
779 3666 903 3739 talium
922 3662 1208 3737 facinorosorum
1224 3662 1406 3763 suppliciis
1420 3664 1558 3767 discep-

497 3795 587 3856 tare.
614 3788 704 3857 Cum
722 3807 806 3855 vero
824 3784 1058 3856 nihilominus
1074 3798 1261 3879 urgeretur
1285 3794 1326 3852 ut
1347 3785 1560 3859 sententiam

497 3898 644 3990 diceret,
658 3913 780 3997 rogata
789 3900 946 3997 primum
954 3925 996 3973 ac
1008 3898 1185 3999 postulata
1193 3898 1298 3971 venia
1308 3910 1360 3985 ut,
1370 3896 1400 3967 si
1411 3900 1497 3995 quid
1507 3902 1560 3973 in·

498 4014 624 4089 sulsius
641 4013 788 4105 diceret,
800 4017 1087 4115 suaeignorantite
1098 4028 1318 4114 parceretur,
1332 4036 1412 4110 quae
1424 4012 1469 4085 ab
1482 4040 1560 4089 om·

497 4130 604 4203 nibus
621 4132 692 4205 illic
708 4132 929 4206 adstantibus
945 4156 1115 4206 concessa
1128 4130 1216 4221 suit,
1230 4152 1345 4200 nuum
1363 4128 1431 4201 sibi
1446 4130 1560 4204 videri

487 4230 602 4345 'posse
628 4250 766 4348 apponi
783 4265 818 4322 et
834 4275 1019 4348 superesse
1041 4245 1238 4323 remedium
1258 4242 1360 4336 dixit,
1376 4244 1405 4316 si
1422 4246 1560 4345 Anglici

498 4384 623 4435 omnes
636 4364 751 4439 Gallia
771 4363 996 4457 excederent,
1015 4380 1052 4438 et
1067 4366 1103 4437 in
1119 4359 1294 4460 Angliam,
1310 4361 1430 4434 natale
1442 4364 1559 4437 soinrn

383 4562 386 4569 ¹
498 4500 644 4567 eornm,
675 4481 850 4575 redirent3
886 4497 971 4555 tunc
1001 4483 1119 4573 euim,
1150 4476 1439 4580 proculdubio,
1474 4480 1560 4579 ipsis

497 4594 728 4691 abeuntibus,
755 4600 862 4673 simul
889 4616 924 4675 et
948 4601 1115 4700 brigandi
1138 4602 1176 4675 in
1201 4616 1296 4677 terra
1316 4624 1392 4675 esse
1407 4597 1560 4673 desiste-
