3892 5892
533 830 590 887 tea
817 825 1071 895 ulsmmtnutt
1091 828 1226 887 cenom
1248 830 1299 889 vn

535 950 721 1052 pauperies
746 964 854 1048 atque
874 952 996 1050 inopia
1018 950 1250 1051 populorum,
1271 951 1370 1049 quod
1392 951 1523 1028 fiscalia
1551 970 1594 1029 et

535 1067 668 1145 tributa
695 1069 792 1167 regia
827 1069 864 1141 in
901 1067 1053 1141 nibilum
1077 1092 1212 1169 prope,
1247 1070 1284 1141 in
1315 1069 1592 1171 quamplurimis

533 1186 727 1261 Galliarum
750 1184 959 1284 provinciis,
986 1183 1225 1278 defluxissent,
1258 1188 1495 1261 necessarium
1519 1189 1588 1261 suit

533 1304 569 1374 in
598 1302 666 1375 illis
691 1300 844 1373 exordiis
865 1321 995 1396 magna
1025 1325 1067 1372 ex
1091 1314 1190 1397 parte
1215 1300 1391 1399 stipendia
1414 1302 1586 1377 militibus

531 1444 606 1491 non
636 1418 883 1489 innumerata
910 1416 1082 1513 pecunia,
1110 1414 1173 1488 sed
1200 1417 1236 1488 in
1261 1419 1457 1515 quantitate
1481 1438 1587 1495 cenae

531 1547 742 1607 annone-et
763 1529 969 1604 victualium
991 1530 1271 1607 necessariorum
1283 1590 1302 1627 „
1320 1548 1393 1607 tam
1415 1558 1482 1634 pro
1502 1564 1587 1637 per.

531 1649 754 1746 sonisquam
778 1646 881 1743 equis
905 1648 1038 1738 taxari3
1057 1648 1107 1720 ita
1122 1647 1222 1747 quod
1244 1673 1317 1721 nna
1337 1652 1509 1749 parochia
1527 1656 1587 1727 vel

530 1766 668 1865 plures,
688 1763 717 1834 si
740 1760 844 1834 valde
871 1776 1019 1855 tenues,
1047 1761 1109 1835 uni
1129 1763 1260 1843 lanceae
1284 1766 1513 1863 providerent
1538 1769 1588 1843 de

532 1904 676 1953 annona
710 1892 847 1969 taxata,
880 1878 949 1952 alia
981 1877 1061 1973 alii,
1087 1880 1144 1951 vel
1174 1878 1357 1978 pluribus,
1387 1884 1587 1958 secundum

532 1995 755 2071 latitudinem
794 1994 1070 2092 facultatemque
1110 1995 1372 2094 parochiarum.
1415 1996 1587 2073 Pedeten-

533 2113 726 2202 timuero,
746 2134 829 2183 cum
847 2108 1057 2181 inchoarent
1079 2110 1257 2209 parochiae
1282 2112 1328 2189 ad
1350 2112 1508 2189 fortunas
1528 2118 1585 2189 in·

536 2253 693 2301 crescere
708 2228 937 2327 pinguiores,
964 2252 1009 2299 ex
1020 2226 1132 2323 ‘regiis
1152 2226 1404 2325 vectigalibus,
1425 2254 1503 2327 quae
1519 2258 1586 2331 pro

533 2343 711 2416 solutione
734 2340 941 2438 hujusmodi
961 2338 1167 2414 lancearum
1187 2343 1376 2417 constituta
1401 2361 1501 2437 sunt,
1524 2348 1587 2419 sti-

534 2458 665 2557 pendia
682 2458 772 2531 solvi
787 2456 956 2529 militibus
967 2458 1199 2531 constitutum
1215 2457 1292 2551 fuit,
1308 2474 1344 2531 et
1357 2484 1510 2535 annonae
1520 2462 1587 2535 iltae

536 2576 705 2649 militares
731 2576 769 2646 in
798 2574 1030 2672 pecuniarum
1058 2574 1289 2669 quantitatem
1310 2580 1456 2651 inutatae
1480 2591 1583 2669 sunt,

536 2704 666 2789 atque,
691 2686 853 2788 quolibet
867 2712 1010 2779 mense,
1028 2710 1096 2785 pro
1118 2687 1241 2761 lancea
1258 2715 1339 2764 cum
1356 2693 1428 2769 auis
1443 2691 1586 2767 duobus

535 2806 737 2904 sagittariis,
755 2802 877 2899 viginti
893 2815 992 2874 scuta
1006 2802 1084 2876 auri
1097 2816 1212 2877 taxata
1223 2806 1244 2877 ¹.

893 3034 1147 3105 CAPITULUM
1171 3034 1230 3117 lV.

608 3165 754 3277 Quomodo
766 3222 882 3283 propter
900 3222 1045 3282 equanam
1065 3210 1186 3265 militiam
1205 3208 1332 3283 pedoni·
1350 3212 1510 3269 Francorum

815 3299 1007 3371 aagittariorum
1019 3300 1111 3355 militia
1120 3300 1237 3355 instituta
1247 3298 1306 3355 fuir.

582 3464 682 3536 Ultra
710 3463 805 3537 hanc
827 3479 947 3536 autern
969 3463 1065 3535 mille
1090 3478 1125 3535 et
1145 3463 1418 3561 quingentarum
1444 3466 1583 3541 lancea-

533 3604 612 3651 rum
626 3568 800 3668 militiam,
821 3577 888 3650 alia
900 3576 1025 3649 militia
1036 3576 1207 3674 pedestris
1223 3602 1287 3677 per
1302 3592 1418 3652 totum
1434 3606 1582 3678 regnum

532 3696 690 3766 instituta
719 3710 772 3767 est
801 3694 1080 3792 sagittariorum,
1099 3696 1160 3791 qui
1180 3694 1290 3769 franci
1315 3698 1504 3795 sagittarii¹
1519 3724 1583 3799 ap-

531 3812 651 3909 pellati
671 3825 775 3903 sunt;
794 3811 842 3881 ita
860 3808 959 3908 qnod
977 3834 1041 3907 per
1056 3831 1182 3882 omnes
1205 3814 1360 3885 civitates
1380 3814 1582 3914 oppidaque

474 3971 476 3978 ·
530 3940 638 4025 atque
671 3949 773 4025 rura,
803 3947 846 3997 ex
875 3924 1076 4021 quibusque
1105 3916 1359 4025 qninquaginta
1387 3928 1580 4017 domibus,

529 4066 623 4115 unus
638 4043 692 4114 vir
710 4042 935 4141 deligeretur,
956 4042 1019 4138 qui
1036 4054 1189 4131 statura,
1207 4042 1338 4117 robore
1355 4060 1463 4143 atque
1480 4044 1583 4117 habi-

529 4159 654 4232 tudine
665 4160 829 4257 corporis
840 4172 942 4255 aptus
955 4182 1022 4257 pro
1035 4157 1240 4256 hujusmodi
1250 4159 1579 4253 militiavideretur;

568 4378 598 4432 l.
621 4367 744 4455 Passa‘ge
758 4374 892 4454 imprimi
905 4373 976 4434 dans
989 4374 1030 4434 les
1046 4378 1157 4435 Νοτίου
1170 4388 1198 4430 er
1209 4382 1329 4434 errmr‘o
1343 4376 1392 4433 des
1406 4384 1579 4452 rnanrurrtts,

528 4472 549 4520 t.
566 4464 591 4536 1,
605 4480 635 4539 p.
652 4464 723 4524 iil.

566 4551 595 4607 Ξ.
617 4552 661 4607 En
675 4550 813 4627 iranqais,
828 4554 925 4627 francs
936 4554 1059 4611 arrlrers.
