<?xml version="1.0" encoding="UTF-8"?>
<!DOCTYPE html PUBLIC "-//W3C//DTD XHTML 1.0 Transitional//EN"
    "http://www.w3.org/TR/xhtml1/DTD/xhtml1-transitional.dtd">
<html xmlns="http://www.w3.org/1999/xhtml" xml:lang="en" lang="en">
 <head>
  <title>
</title>
<meta http-equiv="Content-Type" content="text/html;charset=utf-8" />
  <meta name='ocr-system' content='tesseract 3.04.00' />
  <meta name='ocr-capabilities' content='ocr_page ocr_carea ocr_par ocr_line ocrx_word'/>
</head>
<body>
  <div class='ocr_page' id='page_1' title='image "./histoiredesrgne01amelgoog_0435.png"; bbox 0 0 3892 5892; ppageno 0'>
   <div class='ocr_carea' id='block_1_1' title="bbox 355 882 1407 1107">
    <p class='ocr_par' dir='ltr' id='par_1_1' title="bbox 355 882 1407 1107">
     <span class='ocr_line' id='line_1_1' title="bbox 726 882 1402 957; baseline 0.006 -17"><span class='ocrx_word' id='word_1_1' title='bbox 726 882 1036 957; x_wconf 78' lang='lat' dir='ltr'>unmouunrus.</span> <span class='ocrx_word' id='word_1_2' title='bbox 1349 882 1402 945; x_wconf 72' lang='lat' dir='ltr'>aar</span> 
     </span>
     <span class='ocr_line' id='line_1_2' title="bbox 355 1004 1407 1107; baseline 0.005 -29"><span class='ocrx_word' id='word_1_3' title='bbox 355 1004 408 1078; x_wconf 89' lang='lat' dir='ltr'>tio</span> <span class='ocrx_word' id='word_1_4' title='bbox 424 1006 476 1079; x_wconf 87' lang='lat' dir='ltr'>cis</span> <span class='ocrx_word' id='word_1_5' title='bbox 491 1004 653 1106; x_wconf 88' lang='lat' dir='ltr'>primitus</span> <span class='ocrx_word' id='word_1_6' title='bbox 668 1004 715 1079; x_wconf 90' lang='lat' dir='ltr'>de</span> <span class='ocrx_word' id='word_1_7' title='bbox 730 1006 891 1107; x_wconf 86' lang='lat' dir='ltr'>pecuniis</span> <span class='ocrx_word' id='word_1_8' title='bbox 907 1005 1068 1100; x_wconf 85' lang='lat' dir='ltr'>creditis,</span> <span class='ocrx_word' id='word_1_9' title='bbox 1086 1006 1123 1079; x_wconf 92' lang='lat' dir='ltr'>in</span> <span class='ocrx_word' id='word_1_10' title='bbox 1146 1005 1277 1105; x_wconf 85' lang='lat' dir='ltr'>quibus</span> <span class='ocrx_word' id='word_1_11' title='bbox 1296 1032 1407 1106; x_wconf 89' lang='lat' dir='ltr'>usquc</span> 
     </span>
    </p>
   </div>
   <div class='ocr_carea' id='block_1_2' title="bbox 355 1118 1556 1223">
    <p class='ocr_par' dir='ltr' id='par_1_2' title="bbox 355 1118 1556 1223">
     <span class='ocr_line' id='line_1_3' title="bbox 355 1118 1556 1223; baseline 0.005 -30"><span class='ocrx_word' id='word_1_12' title='bbox 355 1118 404 1193; x_wconf 87' lang='lat' dir='ltr'>ad</span> <span class='ocrx_word' id='word_1_13' title='bbox 414 1144 593 1194; x_wconf 85' lang='lat' dir='ltr'>summam</span> <span class='ocrx_word' id='word_1_14' title='bbox 609 1144 709 1220; x_wconf 82' lang='lat' dir='ltr'>paene</span> <span class='ocrx_word' id='word_1_15' title='bbox 729 1136 873 1195; x_wconf 86' lang='lat' dir='ltr'>centum</span> <span class='ocrx_word' id='word_1_16' title='bbox 889 1120 986 1195; x_wconf 88' lang='lat' dir='ltr'>mille</span> <span class='ocrx_word' id='word_1_17' title='bbox 1003 1120 1175 1195; x_wconf 84' lang='lat' dir='ltr'>librarum</span> <span class='ocrx_word' id='word_1_18' title='bbox 1191 1120 1325 1197; x_wconf 86' lang='lat' dir='ltr'>eisdem</span> <span class='ocrx_word' id='word_1_19' title='bbox 1342 1148 1407 1223; x_wconf 88' lang='lat' dir='ltr'>per</span> <span class='ocrx_word' id='word_1_20' title='bbox 1553 1168 1556 1177; x_wconf 89' lang='lat'>·</span> 
     </span>
    </p>
   </div>
   <div class='ocr_carea' id='block_1_3' title="bbox 348 1234 1407 2834">
    <p class='ocr_par' dir='ltr' id='par_1_3' title="bbox 352 1234 1407 1787">
     <span class='ocr_line' id='line_1_4' title="bbox 355 1234 1407 1335; baseline 0.005 -27"><span class='ocrx_word' id='word_1_21' title='bbox 355 1249 474 1335; x_wconf 81' lang='lat' dir='ltr'>portes</span> <span class='ocrx_word' id='word_1_22' title='bbox 488 1234 716 1328; x_wconf 87' lang='lat' dir='ltr'>tenebantur,</span> <span class='ocrx_word' id='word_1_23' title='bbox 734 1236 791 1309; x_wconf 82' lang='lat' dir='ltr'>rel</span> <span class='ocrx_word' id='word_1_24' title='bbox 806 1236 931 1311; x_wconf 81' lang='lat' dir='ltr'>saltem</span> <span class='ocrx_word' id='word_1_25' title='bbox 956 1236 1088 1311; x_wconf 88' lang='lat' dir='ltr'>idonea</span> <span class='ocrx_word' id='word_1_26' title='bbox 1113 1236 1159 1311; x_wconf 93' lang='lat' dir='ltr'>de</span> <span class='ocrx_word' id='word_1_27' title='bbox 1180 1237 1252 1311; x_wconf 92' lang='lat' dir='ltr'>boo</span> <span class='ocrx_word' id='word_1_28' title='bbox 1271 1238 1407 1313; x_wconf 86' lang='lat' dir='ltr'>eisdem</span> 
     </span>
     <span class='ocr_line' id='line_1_5' title="bbox 354 1350 1404 1455; baseline 0.003 -30"><span class='ocrx_word' id='word_1_29' title='bbox 354 1350 510 1452; x_wconf 84' lang='lat' dir='ltr'>praestita</span> <span class='ocrx_word' id='word_1_30' title='bbox 522 1351 709 1445; x_wconf 79' lang='lat' dir='ltr'>cautione,</span> <span class='ocrx_word' id='word_1_31' title='bbox 726 1351 815 1425; x_wconf 86' lang='lat' dir='ltr'>nihil</span> <span class='ocrx_word' id='word_1_32' title='bbox 833 1366 954 1428; x_wconf 86' lang='lat' dir='ltr'>tamen</span> <span class='ocrx_word' id='word_1_33' title='bbox 971 1353 1009 1425; x_wconf 93' lang='lat' dir='ltr'>in</span> <span class='ocrx_word' id='word_1_34' title='bbox 1027 1352 1155 1427; x_wconf 84' lang='lat' dir='ltr'>ellectu</span> <span class='ocrx_word' id='word_1_35' title='bbox 1172 1352 1404 1455; x_wconf 88' lang='lat' dir='ltr'>adimpletum</span> 
     </span>
     <span class='ocr_line' id='line_1_6' title="bbox 352 1463 1404 1567; baseline 0.006 -30"><span class='ocrx_word' id='word_1_36' title='bbox 352 1464 438 1559; x_wconf 77' lang='lat' dir='ltr'>luit3</span> <span class='ocrx_word' id='word_1_37' title='bbox 464 1463 528 1539; x_wconf 87' lang='lat' dir='ltr'>sed</span> <span class='ocrx_word' id='word_1_38' title='bbox 558 1470 775 1541; x_wconf 82' lang='lat' dir='ltr'>Francorum</span> <span class='ocrx_word' id='word_1_39' title='bbox 799 1466 981 1541; x_wconf 85' lang='lat' dir='ltr'>nonnullis</span> <span class='ocrx_word' id='word_1_40' title='bbox 1000 1465 1154 1541; x_wconf 89' lang='lat' dir='ltr'>ducibus</span> <span class='ocrx_word' id='word_1_41' title='bbox 1176 1492 1242 1567; x_wconf 89' lang='lat' dir='ltr'>per</span> <span class='ocrx_word' id='word_1_42' title='bbox 1274 1467 1404 1566; x_wconf 80' lang='lat' dir='ltr'>Anglo·</span> 
     </span>
     <span class='ocr_line' id='line_1_7' title="bbox 352 1579 1406 1682; baseline 0.004 -29"><span class='ocrx_word' id='word_1_43' title='bbox 352 1604 437 1653; x_wconf 87' lang='lat' dir='ltr'>rum</span> <span class='ocrx_word' id='word_1_44' title='bbox 452 1580 630 1680; x_wconf 72' lang='lat' dir='ltr'>principes</span> <span class='ocrx_word' id='word_1_45' title='bbox 644 1581 794 1680; x_wconf 72' lang='lat' dir='ltr'>pecuina</span> <span class='ocrx_word' id='word_1_46' title='bbox 810 1579 1089 1681; x_wconf 81' lang='lat' dir='ltr'>muneribusque</span> <span class='ocrx_word' id='word_1_47' title='bbox 1102 1582 1295 1682; x_wconf 74' lang='lat' dir='ltr'>corruptis,</span> <span class='ocrx_word' id='word_1_48' title='bbox 1314 1582 1406 1657; x_wconf 85' lang='lat' dir='ltr'>frau-</span> 
     </span>
     <span class='ocr_line' id='line_1_8' title="bbox 353 1694 989 1787; baseline 0 -18"><span class='ocrx_word' id='word_1_49' title='bbox 353 1694 447 1770; x_wconf 88' lang='lat' dir='ltr'>datis</span> <span class='ocrx_word' id='word_1_50' title='bbox 461 1694 614 1787; x_wconf 89' lang='lat' dir='ltr'>civibus,</span> <span class='ocrx_word' id='word_1_51' title='bbox 630 1694 729 1769; x_wconf 85' lang='lat' dir='ltr'>abire</span> <span class='ocrx_word' id='word_1_52' title='bbox 742 1694 877 1768; x_wconf 83' lang='lat' dir='ltr'>dimissi</span> <span class='ocrx_word' id='word_1_53' title='bbox 892 1709 989 1769; x_wconf 88' lang='lat' dir='ltr'>sunt.</span> 
     </span>
    </p>

    <p class='ocr_par' dir='ltr' id='par_1_4' title="bbox 348 1811 1404 2834">
     <span class='ocr_line' id='line_1_9' title="bbox 401 1811 1404 1912; baseline 0.006 -30"><span class='ocrx_word' id='word_1_54' title='bbox 401 1815 594 1910; x_wconf 90' lang='lat' dir='ltr'>Postquam</span> <span class='ocrx_word' id='word_1_55' title='bbox 609 1826 741 1906; x_wconf 85' lang='lat' dir='ltr'>autem,</span> <span class='ocrx_word' id='word_1_56' title='bbox 760 1835 890 1885; x_wconf 84' lang='lat' dir='ltr'>vacuas</span> <span class='ocrx_word' id='word_1_57' title='bbox 900 1835 999 1885; x_wconf 85' lang='lat' dir='ltr'>arces</span> <span class='ocrx_word' id='word_1_58' title='bbox 1015 1811 1269 1912; x_wconf 79' lang='lat' dir='ltr'>relinquentes,</span> <span class='ocrx_word' id='word_1_59' title='bbox 1281 1813 1329 1887; x_wconf 86' lang='lat' dir='ltr'>ad</span> <span class='ocrx_word' id='word_1_60' title='bbox 1341 1839 1404 1888; x_wconf 87' lang='lat' dir='ltr'>sua</span> 
     </span>
     <span class='ocr_line' id='line_1_10' title="bbox 352 1925 1404 2031; baseline 0.005 -31"><span class='ocrx_word' id='word_1_61' title='bbox 352 1925 412 2001; x_wconf 87' lang='lat' dir='ltr'>illa</span> <span class='ocrx_word' id='word_1_62' title='bbox 437 1940 513 2001; x_wconf 87' lang='lat' dir='ltr'>tota</span> <span class='ocrx_word' id='word_1_63' title='bbox 544 1926 688 2025; x_wconf 75' lang='lat' dir='ltr'>Anglica</span> <span class='ocrx_word' id='word_1_64' title='bbox 722 1952 851 2001; x_wconf 86' lang='lat' dir='ltr'>manus</span> <span class='ocrx_word' id='word_1_65' title='bbox 876 1926 1096 2023; x_wconf 72' lang='lat' dir='ltr'>abcesserat,</span> <span class='ocrx_word' id='word_1_66' title='bbox 1127 1944 1213 2003; x_wconf 93' lang='lat' dir='ltr'>tunc</span> <span class='ocrx_word' id='word_1_67' title='bbox 1246 1932 1404 2031; x_wconf 91' lang='lat' dir='ltr'>primum</span> 
     </span>
     <span class='ocr_line' id='line_1_11' title="bbox 351 2042 1403 2143; baseline 0.004 -28"><span class='ocrx_word' id='word_1_68' title='bbox 351 2048 571 2117; x_wconf 81' lang='lat' dir='ltr'>Francorum</span> <span class='ocrx_word' id='word_1_69' title='bbox 593 2068 674 2134; x_wconf 85' lang='lat' dir='ltr'>rex,</span> <span class='ocrx_word' id='word_1_70' title='bbox 698 2067 780 2141; x_wconf 79' lang='lat' dir='ltr'>rege</span> <span class='ocrx_word' id='word_1_71' title='bbox 804 2046 938 2117; x_wconf 85' lang='lat' dir='ltr'>Renato</span> <span class='ocrx_word' id='word_1_72' title='bbox 960 2042 1105 2137; x_wconf 71' lang='lat' dir='ltr'>Siciliae,</span> <span class='ocrx_word' id='word_1_73' title='bbox 1130 2044 1403 2143; x_wconf 74' lang='lat' dir='ltr'>Andegavorum</span> 
     </span>
     <span class='ocr_line' id='line_1_12' title="bbox 352 2156 1404 2259; baseline 0.003 -28"><span class='ocrx_word' id='word_1_74' title='bbox 352 2156 460 2251; x_wconf 90' lang='lat' dir='ltr'>duce,</span> <span class='ocrx_word' id='word_1_75' title='bbox 490 2158 679 2255; x_wconf 88' lang='lat' dir='ltr'>multisque</span> <span class='ocrx_word' id='word_1_76' title='bbox 705 2158 782 2231; x_wconf 88' lang='lat' dir='ltr'>aliis</span> <span class='ocrx_word' id='word_1_77' title='bbox 803 2158 1023 2257; x_wconf 88' lang='lat' dir='ltr'>principibus</span> <span class='ocrx_word' id='word_1_78' title='bbox 1039 2160 1249 2251; x_wconf 84' lang='lat' dir='ltr'>comitatus,</span> <span class='ocrx_word' id='word_1_79' title='bbox 1273 2185 1404 2259; x_wconf 83' lang='lat' dir='ltr'>magna</span> 
     </span>
     <span class='ocr_line' id='line_1_13' title="bbox 351 2272 1404 2373; baseline 0.005 -28"><span class='ocrx_word' id='word_1_80' title='bbox 351 2272 505 2345; x_wconf 90' lang='lat' dir='ltr'>militum</span> <span class='ocrx_word' id='word_1_81' title='bbox 520 2272 780 2371; x_wconf 85' lang='lat' dir='ltr'>satellitumque</span> <span class='ocrx_word' id='word_1_82' title='bbox 793 2288 935 2348; x_wconf 79' lang='lat' dir='ltr'>caterva</span> <span class='ocrx_word' id='word_1_83' title='bbox 948 2273 1116 2373; x_wconf 87' lang='lat' dir='ltr'>stipatus,</span> <span class='ocrx_word' id='word_1_84' title='bbox 1132 2272 1257 2347; x_wconf 89' lang='lat' dir='ltr'>urbem</span> <span class='ocrx_word' id='word_1_85' title='bbox 1273 2276 1404 2373; x_wconf 83' lang='lat' dir='ltr'>ingres·</span> 
     </span>
     <span class='ocr_line' id='line_1_14' title="bbox 350 2386 1402 2489; baseline 0.001 -28"><span class='ocrx_word' id='word_1_86' title='bbox 350 2412 410 2461; x_wconf 88' lang='lat' dir='ltr'>sus</span> <span class='ocrx_word' id='word_1_87' title='bbox 424 2400 500 2479; x_wconf 88' lang='lat' dir='ltr'>est,</span> <span class='ocrx_word' id='word_1_88' title='bbox 517 2410 540 2461; x_wconf 89' lang='lat' dir='ltr'>a</span> <span class='ocrx_word' id='word_1_89' title='bbox 556 2388 749 2489; x_wconf 76' lang='lat' dir='ltr'>provincia</span> <span class='ocrx_word' id='word_1_90' title='bbox 761 2388 931 2489; x_wconf 73' lang='lat' dir='ltr'>praelatis,</span> <span class='ocrx_word' id='word_1_91' title='bbox 950 2388 1013 2487; x_wconf 92' lang='lat' dir='ltr'>qui</span> <span class='ocrx_word' id='word_1_92' title='bbox 1026 2387 1098 2461; x_wconf 92' lang='lat' dir='ltr'>illic</span> <span class='ocrx_word' id='word_1_93' title='bbox 1113 2387 1188 2485; x_wconf 85' lang='lat' dir='ltr'>ejus</span> <span class='ocrx_word' id='word_1_94' title='bbox 1207 2386 1402 2462; x_wconf 83' lang='lat' dir='ltr'>adventum</span> 
     </span>
     <span class='ocr_line' id='line_1_15' title="bbox 350 2501 1403 2603; baseline -0.001 -27"><span class='ocrx_word' id='word_1_95' title='bbox 350 2501 615 2603; x_wconf 85' lang='lat' dir='ltr'>operiebantur,</span> <span class='ocrx_word' id='word_1_96' title='bbox 633 2502 885 2601; x_wconf 87' lang='lat' dir='ltr'>nobilibusque</span> <span class='ocrx_word' id='word_1_97' title='bbox 897 2502 1058 2603; x_wconf 85' lang='lat' dir='ltr'>plurimis</span> <span class='ocrx_word' id='word_1_98' title='bbox 1070 2502 1192 2603; x_wconf 86' lang='lat' dir='ltr'>patriae</span> <span class='ocrx_word' id='word_1_99' title='bbox 1208 2517 1315 2602; x_wconf 87' lang='lat' dir='ltr'>atque</span> <span class='ocrx_word' id='word_1_100' title='bbox 1332 2502 1403 2576; x_wconf 91' lang='lat' dir='ltr'>loci</span> 
     </span>
     <span class='ocr_line' id='line_1_16' title="bbox 348 2616 1400 2719; baseline 0.001 -29"><span class='ocrx_word' id='word_1_101' title='bbox 348 2618 459 2719; x_wconf 86' lang='lat' dir='ltr'>ipsius</span> <span class='ocrx_word' id='word_1_102' title='bbox 473 2616 627 2707; x_wconf 78' lang='lat' dir='ltr'>civibus,</span> <span class='ocrx_word' id='word_1_103' title='bbox 644 2642 728 2691; x_wconf 89' lang='lat' dir='ltr'>cum</span> <span class='ocrx_word' id='word_1_104' title='bbox 753 2619 915 2693; x_wconf 83' lang='lat' dir='ltr'>maximis</span> <span class='ocrx_word' id='word_1_105' title='bbox 931 2617 1048 2693; x_wconf 75' lang='lat' dir='ltr'>laetitia</span> <span class='ocrx_word' id='word_1_106' title='bbox 1065 2632 1101 2693; x_wconf 85' lang='lat' dir='ltr'>et</span> <span class='ocrx_word' id='word_1_107' title='bbox 1115 2617 1316 2709; x_wconf 84' lang='lat' dir='ltr'>alacritate,</span> <span class='ocrx_word' id='word_1_108' title='bbox 1333 2617 1400 2691; x_wconf 91' lang='lat' dir='ltr'>ho·</span> 
     </span>
     <span class='ocr_line' id='line_1_17' title="bbox 348 2732 847 2834; baseline 0.002 -27"><span class='ocrx_word' id='word_1_109' title='bbox 348 2732 654 2811; x_wconf 85' lang='lat' dir='ltr'>uorilioentissime</span> <span class='ocrx_word' id='word_1_110' title='bbox 667 2749 847 2834; x_wconf 80' lang='lat' dir='ltr'>exceptus.</span> 
     </span>
    </p>
   </div>
   <div class='ocr_carea' id='block_1_4' title="bbox 675 2964 1213 3066">
    <p class='ocr_par' dir='ltr' id='par_1_5' title="bbox 675 2964 1213 3066">
     <span class='ocr_line' id='line_1_18' title="bbox 675 2964 1213 3066; baseline -0.011 0"><span class='ocrx_word' id='word_1_111' title='bbox 675 2992 930 3066; x_wconf 72' lang='lat' dir='ltr'>cornutum</span> <span class='ocrx_word' id='word_1_112' title='bbox 952 2991 1061 3065; x_wconf 85' lang='lat' dir='ltr'>xxn.</span> <span class='ocrx_word' id='word_1_113' title='bbox 1209 2964 1213 2971; x_wconf 82' lang='grc'><strong>’</strong></span> 
     </span>
    </p>
   </div>
   <div class='ocr_carea' id='block_1_5' title="bbox 344 3161 1401 3329">
    <p class='ocr_par' dir='ltr' id='par_1_6' title="bbox 344 3161 1401 3329">
     <span class='ocr_line' id='line_1_19' title="bbox 344 3161 1401 3240; baseline 0 -21"><span class='ocrx_word' id='word_1_114' title='bbox 344 3164 385 3219; x_wconf 80' lang='lat' dir='ltr'>Dc</span> <span class='ocrx_word' id='word_1_115' title='bbox 396 3161 583 3221; x_wconf 82' lang='lat' dir='ltr'>obsidionibus</span> <span class='ocrx_word' id='word_1_116' title='bbox 593 3163 723 3220; x_wconf 76' lang='lat' dir='ltr'>llerellmi</span> <span class='ocrx_word' id='word_1_117' title='bbox 734 3177 761 3220; x_wconf 82' lang='lat' dir='ltr'>et</span> <span class='ocrx_word' id='word_1_118' title='bbox 772 3164 929 3220; x_wconf 76' lang='lat' dir='ltr'>Bonnessuti</span> <span class='ocrx_word' id='word_1_119' title='bbox 939 3178 966 3220; x_wconf 84' lang='lat' dir='ltr'>et</span> <span class='ocrx_word' id='word_1_120' title='bbox 977 3165 1096 3239; x_wconf 77' lang='lat' dir='ltr'>ipsorum</span> <span class='ocrx_word' id='word_1_121' title='bbox 1109 3166 1310 3240; x_wconf 76' lang='lat' dir='ltr'>recuperatione</span> <span class='ocrx_word' id='word_1_122' title='bbox 1320 3182 1401 3239; x_wconf 78' lang='lat' dir='ltr'>supra</span> 
     </span>
     <span class='ocr_line' id='line_1_20' title="bbox 589 3254 1151 3329; baseline 0 -20"><span class='ocrx_word' id='word_1_123' title='bbox 589 3254 729 3329; x_wconf 68' lang='lat' dir='ltr'>hgbcos,</span> <span class='ocrx_word' id='word_1_124' title='bbox 740 3266 767 3309; x_wconf 83' lang='lat' dir='ltr'>ct</span> <span class='ocrx_word' id='word_1_125' title='bbox 777 3254 898 3310; x_wconf 78' lang='lat' dir='ltr'>similiter</span> <span class='ocrx_word' id='word_1_126' title='bbox 908 3254 987 3310; x_wconf 69' lang='lat' dir='ltr'>metri</span> <span class='ocrx_word' id='word_1_127' title='bbox 996 3254 1031 3309; x_wconf 85' lang='lat' dir='ltr'>dc</span> <span class='ocrx_word' id='word_1_128' title='bbox 1041 3255 1151 3329; x_wconf 66' lang='lat' dir='ltr'>haye.</span> 
     </span>
    </p>
   </div>
   <div class='ocr_carea' id='block_1_6' title="bbox 339 3418 1400 4687">
    <p class='ocr_par' dir='ltr' id='par_1_7' title="bbox 339 3418 1400 4687">
     <span class='ocr_line' id='line_1_21' title="bbox 393 3418 1399 3521; baseline -0.005 -25"><span class='ocrx_word' id='word_1_129' title='bbox 393 3422 463 3496; x_wconf 88' lang='lat' dir='ltr'>Ubi</span> <span class='ocrx_word' id='word_1_130' title='bbox 487 3420 533 3495; x_wconf 87' lang='lat' dir='ltr'>ad</span> <span class='ocrx_word' id='word_1_131' title='bbox 560 3419 855 3521; x_wconf 89' lang='lat' dir='ltr'>componendum</span> <span class='ocrx_word' id='word_1_132' title='bbox 881 3444 939 3493; x_wconf 82' lang='lat' dir='ltr'>res</span> <span class='ocrx_word' id='word_1_133' title='bbox 966 3418 1117 3492; x_wconf 84' lang='lat' dir='ltr'>civitatis</span> <span class='ocrx_word' id='word_1_134' title='bbox 1149 3433 1256 3517; x_wconf 85' lang='lat' dir='ltr'>atque</span> <span class='ocrx_word' id='word_1_135' title='bbox 1277 3420 1399 3517; x_wconf 83' lang='lat' dir='ltr'>patriae</span> 
     </span>
     <span class='ocr_line' id='line_1_22' title="bbox 342 3530 1400 3639; baseline -0.007 -26"><span class='ocrx_word' id='word_1_136' title='bbox 342 3536 546 3639; x_wconf 85' lang='lat' dir='ltr'>complures</span> <span class='ocrx_word' id='word_1_137' title='bbox 554 3536 803 3635; x_wconf 79' lang='lat' dir='ltr'>transegissent</span> <span class='ocrx_word' id='word_1_138' title='bbox 811 3534 900 3627; x_wconf 87' lang='lat' dir='ltr'>dies,</span> <span class='ocrx_word' id='word_1_139' title='bbox 913 3534 1166 3607; x_wconf 85' lang='lat' dir='ltr'>instantissime</span> <span class='ocrx_word' id='word_1_140' title='bbox 1175 3530 1221 3606; x_wconf 91' lang='lat' dir='ltr'>ab</span> <span class='ocrx_word' id='word_1_141' title='bbox 1230 3532 1400 3607; x_wconf 89' lang='lat' dir='ltr'>omnibus</span> 
     </span>
     <span class='ocr_line' id='line_1_23' title="bbox 341 3646 1398 3753; baseline -0.006 -28"><span class='ocrx_word' id='word_1_142' title='bbox 341 3648 619 3753; x_wconf 81' lang='lat' dir='ltr'>provincialibus</span> <span class='ocrx_word' id='word_1_143' title='bbox 632 3663 777 3747; x_wconf 82' lang='lat' dir='ltr'>rogatus</span> <span class='ocrx_word' id='word_1_144' title='bbox 793 3663 847 3723; x_wconf 87' lang='lat' dir='ltr'>cst</span> <span class='ocrx_word' id='word_1_145' title='bbox 860 3672 923 3723; x_wconf 85' lang='lat' dir='ltr'>rex</span> <span class='ocrx_word' id='word_1_146' title='bbox 933 3662 987 3741; x_wconf 90' lang='lat' dir='ltr'>ut,</span> <span class='ocrx_word' id='word_1_147' title='bbox 1000 3646 1047 3721; x_wconf 88' lang='lat' dir='ltr'>ad</span> <span class='ocrx_word' id='word_1_148' title='bbox 1061 3646 1269 3748; x_wconf 87' lang='lat' dir='ltr'>pellendum</span> <span class='ocrx_word' id='word_1_149' title='bbox 1279 3646 1398 3743; x_wconf 82' lang='lat' dir='ltr'>Angli·</span> 
     </span>
     <span class='ocr_line' id='line_1_24' title="bbox 340 3760 1397 3863; baseline -0.009 -20"><span class='ocrx_word' id='word_1_150' title='bbox 340 3794 404 3843; x_wconf 89' lang='lat' dir='ltr'>cos</span> <span class='ocrx_word' id='word_1_151' title='bbox 419 3768 465 3841; x_wconf 93' lang='lat' dir='ltr'>de</span> <span class='ocrx_word' id='word_1_152' title='bbox 481 3767 667 3841; x_wconf 87' lang='lat' dir='ltr'>llarcllutn</span> <span class='ocrx_word' id='word_1_153' title='bbox 682 3780 718 3839; x_wconf 87' lang='lat' dir='ltr'>et</span> <span class='ocrx_word' id='word_1_154' title='bbox 734 3763 966 3855; x_wconf 84' lang='lat' dir='ltr'>llonneflutu,</span> <span class='ocrx_word' id='word_1_155' title='bbox 979 3762 1041 3863; x_wconf 93' lang='lat' dir='ltr'>qui</span> <span class='ocrx_word' id='word_1_156' title='bbox 1058 3762 1148 3835; x_wconf 89' lang='lat' dir='ltr'>ostia</span> <span class='ocrx_word' id='word_1_157' title='bbox 1163 3764 1334 3861; x_wconf 79' lang='lat' dir='ltr'>Sequame</span> <span class='ocrx_word' id='word_1_158' title='bbox 1351 3760 1397 3834; x_wconf 88' lang='lat' dir='ltr'>ad</span> 
     </span>
     <span class='ocr_line' id='line_1_25' title="bbox 341 3874 1395 3977; baseline -0.009 -21"><span class='ocrx_word' id='word_1_159' title='bbox 341 3882 438 3959; x_wconf 82' lang='lat' dir='ltr'>litttu</span> <span class='ocrx_word' id='word_1_160' title='bbox 454 3882 562 3957; x_wconf 85' lang='lat' dir='ltr'>maris</span> <span class='ocrx_word' id='word_1_161' title='bbox 579 3880 785 3971; x_wconf 81' lang='lat' dir='ltr'>observant,</span> <span class='ocrx_word' id='word_1_162' title='bbox 800 3879 961 3953; x_wconf 90' lang='lat' dir='ltr'>animum</span> <span class='ocrx_word' id='word_1_163' title='bbox 972 3878 1135 3977; x_wconf 86' lang='lat' dir='ltr'>viresque</span> <span class='ocrx_word' id='word_1_164' title='bbox 1149 3874 1395 3967; x_wconf 78' lang='lat' dir='ltr'>contraheret3</span> 
     </span>
     <span class='ocr_line' id='line_1_26' title="bbox 340 3992 1397 4096; baseline -0.004 -25"><span class='ocrx_word' id='word_1_165' title='bbox 340 4023 426 4072; x_wconf 88' lang='lat' dir='ltr'>nam</span> <span class='ocrx_word' id='word_1_166' title='bbox 450 3998 517 4073; x_wconf 89' lang='lat' dir='ltr'>illis</span> <span class='ocrx_word' id='word_1_167' title='bbox 539 3996 607 4073; x_wconf 90' lang='lat' dir='ltr'>sub</span> <span class='ocrx_word' id='word_1_168' title='bbox 628 3996 824 4095; x_wconf 77' lang='lat' dir='ltr'>Anglorum</span> <span class='ocrx_word' id='word_1_169' title='bbox 849 4006 1022 4096; x_wconf 86' lang='lat' dir='ltr'>potestate</span> <span class='ocrx_word' id='word_1_170' title='bbox 1037 3992 1286 4085; x_wconf 85' lang='lat' dir='ltr'>manentibus,</span> <span class='ocrx_word' id='word_1_171' title='bbox 1304 4008 1397 4067; x_wconf 85' lang='lat' dir='ltr'>terra</span> 
     </span>
     <span class='ocr_line' id='line_1_27' title="bbox 341 4112 1397 4215; baseline -0.004 -28"><span class='ocrx_word' id='word_1_172' title='bbox 341 4115 501 4213; x_wconf 87' lang='lat' dir='ltr'>marique</span> <span class='ocrx_word' id='word_1_173' title='bbox 509 4113 783 4215; x_wconf 89' lang='lat' dir='ltr'>quodammodo</span> <span class='ocrx_word' id='word_1_174' title='bbox 792 4112 928 4185; x_wconf 86' lang='lat' dir='ltr'>obsessi</span> <span class='ocrx_word' id='word_1_175' title='bbox 940 4126 1147 4204; x_wconf 85' lang='lat' dir='ltr'>manerent,</span> <span class='ocrx_word' id='word_1_176' title='bbox 1161 4112 1397 4205; x_wconf 74' lang='lat' dir='ltr'>etinnumera</span> 
     </span>
     <span class='ocr_line' id='line_1_28' title="bbox 339 4232 1394 4333; baseline -0.004 -24"><span class='ocrx_word' id='word_1_177' title='bbox 339 4232 503 4309; x_wconf 87' lang='lat' dir='ltr'>subirent</span> <span class='ocrx_word' id='word_1_178' title='bbox 517 4234 767 4326; x_wconf 88' lang='lat' dir='ltr'>incommoda,</span> <span class='ocrx_word' id='word_1_179' title='bbox 792 4258 871 4333; x_wconf 80' lang='lat' dir='ltr'>quac</span> <span class='ocrx_word' id='word_1_180' title='bbox 887 4247 922 4307; x_wconf 90' lang='lat' dir='ltr'>et</span> <span class='ocrx_word' id='word_1_181' title='bbox 940 4234 978 4307; x_wconf 93' lang='lat' dir='ltr'>in</span> <span class='ocrx_word' id='word_1_182' title='bbox 996 4233 1190 4306; x_wconf 84' lang='lat' dir='ltr'>maximum</span> <span class='ocrx_word' id='word_1_183' title='bbox 1207 4232 1318 4333; x_wconf 85' lang='lat' dir='ltr'>ipsius</span> <span class='ocrx_word' id='word_1_184' title='bbox 1339 4256 1394 4305; x_wconf 88' lang='lat' dir='ltr'>re·</span> 
     </span>
     <span class='ocr_line' id='line_1_29' title="bbox 340 4349 1397 4451; baseline -0.006 -24"><span class='ocrx_word' id='word_1_185' title='bbox 340 4353 393 4451; x_wconf 83' lang='lat' dir='ltr'>gis</span> <span class='ocrx_word' id='word_1_186' title='bbox 412 4364 448 4424; x_wconf 92' lang='lat' dir='ltr'>et</span> <span class='ocrx_word' id='word_1_187' title='bbox 475 4352 583 4426; x_wconf 89' lang='lat' dir='ltr'>totius</span> <span class='ocrx_word' id='word_1_188' title='bbox 606 4353 706 4451; x_wconf 83' lang='lat' dir='ltr'>regni</span> <span class='ocrx_word' id='word_1_189' title='bbox 723 4349 954 4451; x_wconf 86' lang='lat' dir='ltr'>dispendium</span> <span class='ocrx_word' id='word_1_190' title='bbox 969 4374 1116 4446; x_wconf 81' lang='lat' dir='ltr'>vergere</span> <span class='ocrx_word' id='word_1_191' title='bbox 1136 4361 1296 4449; x_wconf 86' lang='lat' dir='ltr'>possent.</span> <span class='ocrx_word' id='word_1_192' title='bbox 1316 4352 1397 4421; x_wconf 87' lang='lat' dir='ltr'>llaec</span> 
     </span>
     <span class='ocr_line' id='line_1_30' title="bbox 339 4462 1397 4569; baseline -0.008 -24"><span class='ocrx_word' id='word_1_193' title='bbox 339 4484 458 4545; x_wconf 84' lang='lat' dir='ltr'>nutem</span> <span class='ocrx_word' id='word_1_194' title='bbox 490 4492 552 4541; x_wconf 77' lang='lat' dir='ltr'>rex</span> <span class='ocrx_word' id='word_1_195' title='bbox 576 4470 651 4569; x_wconf 84' lang='lat' dir='ltr'>ipse</span> <span class='ocrx_word' id='word_1_196' title='bbox 676 4466 872 4567; x_wconf 88' lang='lat' dir='ltr'>pmdenter</span> <span class='ocrx_word' id='word_1_197' title='bbox 898 4465 1205 4557; x_wconf 83' lang='lat' dir='ltr'>animadvertens,</span> <span class='ocrx_word' id='word_1_198' title='bbox 1235 4480 1269 4537; x_wconf 89' lang='lat' dir='ltr'>et</span> <span class='ocrx_word' id='word_1_199' title='bbox 1298 4462 1397 4563; x_wconf 90' lang='lat' dir='ltr'>qnod</span> 
     </span>
     <span class='ocr_line' id='line_1_31' title="bbox 341 4580 1396 4687; baseline -0.008 -28"><span class='ocrx_word' id='word_1_200' title='bbox 341 4597 587 4687; x_wconf 88' lang='lat' dir='ltr'>opportunum</span> <span class='ocrx_word' id='word_1_201' title='bbox 605 4598 746 4681; x_wconf 87' lang='lat' dir='ltr'>tempus</span> <span class='ocrx_word' id='word_1_202' title='bbox 770 4580 909 4655; x_wconf 89' lang='lat' dir='ltr'>adhoc</span> <span class='ocrx_word' id='word_1_203' title='bbox 930 4580 1069 4654; x_wconf 89' lang='lat' dir='ltr'>adloret</span> <span class='ocrx_word' id='word_1_204' title='bbox 1091 4580 1209 4680; x_wconf 87' lang='lat' dir='ltr'>potius</span> <span class='ocrx_word' id='word_1_205' title='bbox 1233 4603 1342 4679; x_wconf 86' lang='lat' dir='ltr'>quam</span> <span class='ocrx_word' id='word_1_206' title='bbox 1367 4580 1396 4651; x_wconf 87' lang='lat' dir='ltr'>si</span> 
     </span>
    </p>
   </div>
   <div class='ocr_carea' id='block_1_7' title="bbox 0 0 1950 5892">
    <p class='ocr_par' dir='ltr' id='par_1_8' title="bbox 0 0 1950 5892">
     <span class='ocr_line' id='line_1_32' title="bbox 0 0 1950 5892; baseline 0 6"><span class='ocrx_word' id='word_1_207' title='bbox 0 0 1950 5892; x_wconf 95' lang='lat' dir='ltr'> </span> 
     </span>
    </p>
   </div>
  </div>
 </body>
</html>
