3892 5892
714 876 822 934 mna
840 876 1042 939 secutum.
1348 888 1403 947 att

692 1129 951 1203 struncon
976 1136 1083 1205 xvu.
1236 1110 1239 1123 '

476 1308 621 1375 Quomodo
635 1309 726 1367 ciritae
736 1312 883 1369 lexovium
893 1333 948 1371 cese
959 1314 1124 1373 Francorum
1135 1316 1191 1392 regi
1204 1318 1289 1379 dedit.

406 1464 488 1548 Quo
518 1486 640 1537 rerum
673 1465 820 1540 ulterius
848 1467 1087 1565 gerendarum
1117 1470 1226 1545 veluti
1250 1474 1412 1574 auspicio
1449 1520 1459 1541 .

356 1580 516 1675 quodam
539 1582 633 1657 felici
652 1585 805 1686 amplius
827 1586 990 1682 animati,
1009 1604 1045 1661 et
1068 1588 1116 1680 ad
1140 1591 1239 1665 lucra
1260 1592 1414 1691 predas·

356 1722 428 1795 que
444 1696 628 1773 uberiores
639 1700 753 1775 allecti
769 1702 785 1800 (
791 1726 877 1775 nam
891 1703 1029 1779 dictum
1042 1705 1221 1806 oppidum
1233 1720 1350 1783 totum
1365 1712 1416 1785 eis
1453 1776 1459 1789 .

356 1813 395 1885 in
414 1814 575 1915 praedam'
589 1816 778 1915 cesserat),
801 1818 1223 1921 consilinmacceperunt
1237 1824 1416 1900 civitatem

357 1934 551 2007 lexovium
566 1931 679 2024 adire,
695 1932 741 2007 ab
754 1933 902 2033 hujusce
918 1936 1235 2015 Pontis-Odomari
1252 1937 1417 2042 [oppido]

357 2064 494 2147 septem
504 2046 687 2123 dumtaxat
696 2048 806 2124 leucis
813 2053 933 2151 paruis
941 2068 1130 2127 remotam.
1144 2054 1311 2130 Sciebant
1322 2057 1419 2133 enim

358 2166 538 2256 civitatem
551 2166 666 2266 ipsam
679 2188 745 2237 nec
757 2164 864 2259 vallo,
880 2191 947 2240 nec
960 2166 1154 2261 moenibus,
1167 2194 1234 2243 nec
1248 2168 1417 2260 turribus,

323 2280 331 2293 '
359 2280 427 2353 nisi
443 2280 592 2369 exiliter,
610 2280 807 2375 munitam,
821 2304 888 2353 nec
900 2280 1097 2380 tnglorum
1112 2282 1275 2383 presidia
1287 2282 1421 2359 babere

359 2396 508 2494 alicujus
532 2396 785 2469 aestimationis.
817 2401 902 2470 Erat
928 2411 1006 2470 tum
1029 2396 1193 2495 ejusdem
1217 2398 1367 2471 civitatis
1386 2412 1423 2471 et

360 2510 520 2588 dioecesis
535 2513 709 2613 pontifex,
728 2511 900 2604 Thomas,
921 2538 966 2586 ex
981 2512 1126 2587 dioecesi
1141 2512 1422 2610 Rotbomngensi

360 2630 536 2705 oriundus
547 2686 557 2721 ,
568 2630 624 2703 vir
634 2630 674 2703 in
690 2628 820 2704 divinis
834 2643 870 2704 et
882 2628 1051 2716 humanis
1060 2628 1185 2703 litteris
1197 2653 1273 2703 non
1284 2627 1422 2703 medio·

360 2746 466 2820 criter
481 2745 682 2840 institutus,
700 2744 780 2838 sed,
804 2746 905 2845 qnod
920 2760 975 2821 est
988 2746 1231 2846 praestantius,
1249 2744 1420 2842 consilio,

359 2861 550 2963 prudentia
572 2876 608 2934 et
627 2861 665 2933 in
686 2864 803 2935 Deum
819 2886 861 2936 ac
877 2862 1082 2962 proximum
1098 2860 1237 2937 sincera
1251 2860 1423 2937 charitate

360 2979 444 3053 satis
459 2977 698 3078 conspicuus,
718 2990 825 3076 atque
841 3002 936 3051 unus
952 2978 1047 3052 inter
1064 2992 1211 3053 oetems
1226 2976 1423 3053 Galliarum

361 3098 550 3195 episcopos
577 3094 671 3169 illius
700 3096 874 3195 temporis
899 3093 1054 3167 multum
1079 3094 1250 3169 famosus.
1279 3098 1313 3169 la
1338 3120 1424 3169 cum

360 3210 558 3309 prudenter
581 3224 690 3309 atque
713 3212 891 3309 sapienter
912 3208 1212 3299 animadverteret
1237 3210 1359 3309 quales
1375 3212 1424 3287 ad

362 3324 631 3400 defendendum
655 3324 748 3396 vires
772 3338 899 3397 contra
919 3338 1055 3397 tantam
1076 3324 1264 3415 militiam,
1291 3340 1424 3423 quanta

363 3456 486 3516 contra
507 3464 610 3516 snam
633 3437 802 3515 veniebat
817 3440 1015 3535 civitatem,
1040 3439 1135 3513 cives
1152 3440 1208 3514 sui
1228 3463 1312 3516 cum
1335 3466 1423 3541 prm-

363 3556 454 3632 sidio
471 3558 611 3634 circiter
624 3542 770 3631 centuin
780 3556 997 3655 Anglorum,
1016 3555 1080 3655 qui
1095 3553 1168 3629 illic
1182 3579 1250 3655 pro
1263 3557 1425 3635 custodia

364 3675 532 3767 aderant,
550 3672 686 3748 babere
700 3685 867 3773 possent;
895 3673 1044 3745 metiens
1061 3670 1169 3745 etiam
1194 3685 1303 3771 atque
1326 3696 1424 3771 pon-

364 3790 495 3867 derans
507 3814 610 3889 aequo
624 3786 815 3863 libramine
826 3786 976 3863 civitatis
992 3812 1064 3862 sure
1079 3786 1237 3889 pericula
1252 3811 1296 3862 ex
1311 3784 1423 3861 infor·
1451 3812 1458 3825 ·

366 3892 468 3983 tunic
479 3924 516 3982 et
528 3907 747 3997 calamitate,
762 3929 842 4003 quae
853 3904 980 3977 vicinis
995 3904 1067 3977 suis
1082 3928 1226 4003 sumque
1237 3902 1425 4004 pastoralis

366 4048 459 4097 curm
481 4023 626 4099 creditis
649 4036 685 4097 ct
708 4018 861 4096 subditis
876 4020 915 4093 in
933 4020 1238 4095 Ponte-Odomari
1251 4020 1425 4119 proximis

367 4137 493 4212 diebus
517 4140 758 4238 contigerant,
790 4135 856 4209 ubi
878 4136 1020 4211 merant
1043 4161 1172 4235 magua
1193 4134 1328 4211 militiae
1356 4138 1425 4209 An·

367 4236 512 4353 glicanae
531 4254 712 4356 prusidia3
734 4253 862 4326 volens
885 4253 1020 4329 civium
1039 4254 1275 4353 omniumque
1296 4253 1333 4325 in
1360 4276 1426 4325 sua

369 4369 613 4442 exsistentium
645 4368 789 4441 dioecesi
818 4366 925 4440 saluti
959 4368 1171 4458 consulere,
1205 4364 1357 4467 provide
1391 4379 1427 4439 et

368 4488 627 4563 consultissime
654 4489 776 4562 statuit
809 4486 1080 4561 imminentibus
1109 4501 1216 4588 atquc
1246 4484 1427 4587 presenti·

368 4606 436 4680 bus
454 4606 562 4682 tantis
577 4604 722 4677 obviare
740 4602 918 4703 perieulis.
937 4607 981 4675 Et
996 4602 1042 4678 de
1062 4602 1135 4677 boc
1155 4604 1302 4704 quiderm
1325 4626 1429 4705 rogc⁴
