3892 5892
553 907 611 966 322
836 907 1094 968 mstouttnuu
1112 909 1246 970 ctaott
1268 911 1322 970 vu

553 1032 628 1105 bita
652 1045 687 1105 ct
713 1045 853 1106 ostensa
879 1031 1035 1106 suerunt.
1063 1037 1115 1105 lta
1146 1031 1246 1131 quod
1282 1034 1319 1106 in
1350 1033 1556 1123 omnibus,
1587 1033 1620 1104 in
1746 1029 1747 1056 ¹

552 1160 727 1248 quantum
744 1146 796 1220 las
808 1148 938 1245 jusque
957 1149 1223 1246 permitterent,
1241 1147 1405 1221 Ecclesiae
1424 1151 1533 1247 regni
1550 1149 1619 1238 sui,

552 1263 589 1334 in
609 1263 751 1338 tuendis
774 1276 811 1334 et
834 1263 1089 1335 conservandis
1111 1263 1268 1361 antiquis
1292 1265 1368 1360 ejus
1389 1263 1622 1338 libertatibus

551 1397 588 1454 et
612 1379 915 1472 immunitatibus,
942 1379 1142 1476 adjutorem
1172 1404 1210 1452 se
1237 1394 1342 1478 atque
1368 1396 1619 1480 protectorem

550 1500 722 1572 devotum
737 1496 948 1586 exhibebam
964 1493 1075 1587 unde,
1090 1496 1216 1594 procul
1233 1495 1360 1587 dubio,
1377 1523 1401 1571 a
1421 1513 1507 1570 toto
1525 1497 1619 1568 clero

550 1614 740 1688 Gallicane
756 1611 919 1684 Ecclesiae
933 1610 1079 1684 siu'cerae
1098 1609 1300 1685 devotionis
1315 1612 1452 1687 ellectu
1471 1626 1510 1686 et
1531 1611 1620 1684 cole·

550 1730 658 1806 batur
675 1743 711 1802 et
723 1726 922 1802 amabatur.

881 1977 1137 2048 ctt’ttututt
1161 1979 1269 2048 XXV.

600 2159 747 2228 Quomodo
756 2159 867 2214 Carolus
877 2159 988 2215 subditis
999 2160 1131 2233 pepercit,
1144 2173 1170 2214 et
1180 2161 1265 2234 qualis
1275 2159 1326 2215 sibi
1336 2163 1405 2236 juris
1417 2177 1446 2218 et
1456 2161 1567 2236 justitia

1013 2249 1147 2303 curaluit.

470 2407 477 2419 ’
598 2412 779 2487 Nobilitati
794 2414 902 2487 etiam
914 2411 1075 2509 ejusdem
1087 2413 1186 2510 regni
1201 2414 1270 2502 sui,
1285 2429 1467 2512 quantum
1482 2413 1610 2514 potuit,

547 2530 720 2630 pepercit,
732 2553 933 2628 precavens
950 2551 1014 2600 eos
1029 2525 1076 2600 ad
1093 2526 1340 2626 expeditiones
1353 2553 1437 2602 suas
1451 2527 1608 2612 bellicas,

547 2645 615 2718 nisi
635 2644 813 2718 rarissime
837 2659 873 2717 et
901 2669 987 2717 cum
1012 2666 1140 2740 magna
1163 2660 1370 2742 perurgeret
1396 2644 1607 2724 necessitas,

547 2783 761 2836 convocare.
780 2759 1053 2860 stipendiariam
1070 2758 1176 2829 etiam
1194 2783 1296 2830 suam
1312 2760 1501 2852 militiam,
1521 2767 1609 2857 post·

547 2898 694 2974 quama
717 2875 934 2948 Normannia
950 2886 987 2946 et
1010 2873 1197 2969 Aquitania
1220 2875 1386 2972 Anglicos
1401 2874 1605 2976 expulerat,

548 2987 805 3063 humanissime
820 3000 855 3058 et
870 3011 954 3059 cum
970 3009 1186 3083 magnorum
1205 2989 1426 3088 indulgentia
1446 2991 1605 3064 favorum

547 3105 661 3177 tenuit
677 3119 784 3201 atque
803 3102 913 3194 fovit,
932 3127 1120 3200 uunquam
1145 3118 1208 3176 aut
1222 3107 1425 3204 parcissime
1442 3131 1508 3180 eos
1525 3099 1606 3176 locis

548 3217 719 3314 educens,
735 3221 773 3294 in
789 3218 919 3318 quibus
933 3220 1165 3318 prestatione
1183 3221 1289 3294 locati
1306 3223 1468 3296 luissent.
1483 3228 1522 3294 ln
1536 3237 1603 3315 quo

549 3351 622 3409 tam
642 3336 921 3437 provincialibus
936 3335 1070 3410 eisdem
1090 3361 1198 3434 quam
1214 3339 1323 3416 etiam
1340 3338 1511 3412 militibus
1527 3356 1601 3434 pat·

549 3450 665 3533 cebat,
679 3475 702 3524 a
717 3451 848 3548 quibus
862 3451 955 3524 soliti
969 3466 1049 3525 sunt
1065 3452 1312 3549 provinciales,
1324 3477 1408 3525 cum
1422 3452 1492 3526 hac
1503 3465 1603 3545 atque

550 3566 630 3640 illac
644 3567 839 3666 permutari
851 3564 906 3638 vel
917 3565 1123 3662 adequitare
1134 3580 1325 3662 coguntur,
1338 3567 1467 3640 multas
1481 3562 1601 3640 moles·

551 3682 617 3754 tias
632 3695 668 3753 et
682 3682 889 3779 gravamina
904 3682 1091 3752 sustinere.
1110 3684 1239 3778 Legem
1253 3683 1360 3756 etiam
1373 3685 1488 3754 sanxit
1503 3694 1602 3773 atque

550 3796 725 3895 quamdiu
737 3796 825 3868 vixit
836 3795 1021 3868 observari
1037 3795 1131 3887 secit,
1145 3796 1258 3892 quod,
1274 3821 1340 3896 pro
1353 3794 1599 3872 communibus

549 3910 687 3984 delictis
703 3927 811 4009 atque
827 3911 966 4008 injuriis
983 3935 1062 4009 quae¹
1076 3913 1203 3984 armati
1221 3911 1336 3984 solent
1352 3912 1452 3986 facile
1470 3914 1506 3986 in
1524 3929 1600 4010 pro·

549 4024 717 4100 vinciales
737 4025 947 4113 admittere,
966 4049 1029 4097 seu
1048 4025 1155 4096 etiam
1175 4025 1212 4096 in
1235 4027 1446 4123 pecuniariis
1468 4020 1596 4102 causis,

548 4154 755 4214 tenerentur
765 4165 887 4215 coram
899 4140 1080 4238 judicibus
1096 4140 1286 4214 ordinariis
1298 4141 1460 4216 locorum
1478 4141 1597 4236 injure

546 4256 787 4358 respondem
806 4279 940 4353 eosque
963 4255 1139 4354 puniendi
1162 4271 1197 4328 et
1222 4257 1429 4350 coercendi,
1451 4283 1519 4357 pro
1535 4249 1598 4326 cri-

545 4373 687 4444 minum
702 4396 764 4444 seu
782 4371 995 4444 delictorum
1010 4373 1200 4468 qualitate,
1220 4398 1300 4471 quae
1316 4376 1350 4445 in
1373 4368 1597 4472 provinciales

544 4486 789 4581 admisissent,
817 4487 884 4584 ipsi
906 4485 1079 4560 ordinarii
1103 4488 1241 4584 judices
1264 4503 1467 4562 exercerent
1492 4500 1598 4588 potes·

546 4617 679 4696 tatem,
708 4603 755 4675 de
780 4599 994 4675 militaribus
1018 4626 1106 4675 vero
1131 4601 1269 4678 delictis
1291 4627 1353 4678 seu
1380 4601 1593 4688 criminibus,
