3892 5892
573 932 631 989 226
847 927 1104 989 fflsrolutnutt
1123 926 1260 986 utnon
1279 927 1331 985 Vn

571 1078 677 1126 suum
702 1053 911 1151 elongante,
940 1052 1060 1150 Anglis
1083 1050 1129 1123 de
1161 1050 1325 1124 faciendo
1352 1052 1646 1150 inquisitionem

570 1194 679 1269 super
701 1169 947 1266 conjuratione
979 1167 1132 1267 spatium
1156 1165 1335 1239 indultum
1364 1165 1503 1259 luisset,
1533 1166 1644 1265 quin

570 1285 701 1360 multos
717 1309 761 1357 ex
772 1283 927 1377 civibus,
943 1284 1007 1380 qui
1019 1280 1075 1354 vel
1091 1294 1254 1355 auctores
1271 1283 1326 1355 vel
1341 1281 1533 1380 complices
1547 1281 1644 1354 fue·

568 1411 649 1471 rant
661 1396 916 1497 conjurationis
931 1419 973 1468 ac
984 1394 1216 1494 proditionis,
1232 1396 1451 1469 severissime
1461 1396 1641 1495 punivis-

568 1527 658 1586 sent.
677 1513 784 1611 Cujus
800 1513 851 1584 rei
867 1535 943 1583 non
956 1511 1069 1608 ignari
1085 1511 1152 1610 ipsi
1171 1512 1287 1603 cives,
1303 1526 1402 1586 metu
1416 1510 1636 1585 vehementi

566 1630 739 1703 continuo
767 1626 1002 1725 angebantur.
1031 1630 1121 1699 Com
1145 1626 1270 1725 igitur,
1299 1641 1339 1700 ut
1361 1628 1629 1727 praemisimus,

565 1758 657 1818 esset
674 1743 830 1845 populus
855 1743 964 1816 totins
988 1740 1087 1817 urbis
1111 1768 1175 1843 per
1200 1742 1365 1817 ecclesias
1391 1744 1538 1837 ediusus,
1563 1770 1631 1817 re·

564 1875 672 1959 pente
685 1860 821 1933 clamor
836 1858 985 1959 qnidam
1006 1882 1071 1959 per
1092 1859 1271 1933 civitatem
1286 1860 1456 1955 obortus,
1486 1858 1636 1953 eodem*

563 2001 664 2076 pene
698 1990 885 2050 momento
917 1977 956 2049 in
985 1974 1185 2073 quibusque
1212 1974 1367 2049 ecclesiis
1399 1975 1625 2077 populorum

563 2115 667 2165 aures
691 2090 873 2191 implevit,
902 2088 1003 2189 quod
1034 2088 1200 2163 videlicet
1235 2090 1333 2187 Angli
1359 2091 1454 2165 cives
1481 2090 1624 2189 ubique

563 2208 791 2306 perimerent.
810 2205 918 2295 Quod
942 2206 1092 2279 audiens
1115 2204 1283 2304 quidam,
1310 2206 1442 2279 ceteris
1465 2205 1512 2280 ad
1537 2232 1623 2281 suc-

562 2320 780 2395 currendum
797 2334 971 2419 tantoque
992 2320 1152 2421 periculo
1174 2319 1418 2394 obsistendum
1430 2324 1616 2421 paratior,

563 2438 708 2512 concito
728 2462 835 2511 cursu
855 2436 902 2511 ed
925 2437 1052 2510 turrim
1065 2435 1249 2535 Horologii
1268 2438 1418 2511 civitatis
1440 2440 1614 2531 accurrit,

561 2553 600 2626 in
612 2578 683 2652 qua
695 2554 734 2626 in
746 2552 885 2627 excelso
899 2576 1057 2652 appensa
1071 2567 1124 2625 est
1143 2575 1333 2651 campana,
1356 2554 1458 2652 cujus
1472 2556 1613 2645 sonitu,

561 2667 619 2742 vel
643 2670 682 2742 in
706 2667 864 2742 hostium
888 2668 945 2741 vel
961 2667 1211 2741 incendiorum
1236 2682 1298 2741 aut
1317 2667 1466 2767 hujusce
1486 2668 1617 2769 [modi]

561 2783 746 2883 periculis,
763 2782 940 2882 populum
954 2784 1148 2855 convocari
1161 2798 1267 2883 atque
1283 2785 1321 2857 in
1337 2808 1450 2858 unum
1467 2808 1616 2882 congre·

561 2898 635 2996 gari
650 2898 794 2970 solitum
809 2912 874 2971 est.
891 2898 962 2986 Qui
979 2897 1125 2997 pulsans
1139 2899 1254 2999 ipsam
1271 2924 1500 3001 campanam,
1518 2902 1615 2975 illico

560 3027 672 3088 totam
688 3016 865 3087 civitatem
887 3015 933 3087 ad
957 3038 1058 3089 arma
1080 3020 1287 3092 commovit.
1308 3020 1433 3093 Statim
1456 3020 1610 3121 quippe,

558 3127 764 3202 inundantis
779 3132 946 3204 torrentis
961 3132 1091 3226 instar,
1109 3158 1185 3207 non
1198 3137 1406 3235 exspectatis
1427 3137 1613 3211 missarum

559 3257 596 3317 et
617 3268 803 3319 sacrorum
825 3247 1129 3347 complementis„
1148 3250 1303 3323 universi
1326 3252 1545 3346 exsilientes,
1566 3252 1613 3329 ad

558 3359 688 3433 domos
709 3387 790 3435 suas
805 3376 842 3435 et
853 3388 951 3437 arma
967 3363 1193 3469 corripienda
1208 3383 1487 3462 concurrerunt;
1505 3384 1612 3469 atque

557 3477 646 3550 alter
663 3478 813 3550 alterum
831 3503 962 3579 magno
988 3482 1109 3554 animo
1132 3479 1361 3556 adhortantes
1384 3497 1420 3557 et
1440 3484 1608 3583 adjuvan·

558 3607 633 3685 tes,
665 3618 729 3693 per
750 3619 876 3667 omnes
897 3610 1024 3669 stratas
1050 3610 1087 3669 et
1110 3596 1243 3695 plateas
1268 3598 1420 3673 civitatis
1445 3600 1609 3701 repagula

557 3724 592 3782 et
608 3710 823 3781 munitiones
840 3710 934 3783 illico
952 3726 1210 3785 exstruxerunt.
1237 3714 1429 3789 Trahentes
1452 3718 1548 3791 enim
1566 3744 1608 3792 ex

557 3823 692 3896 edibus
716 3826 789 3898 suis
813 3824 930 3920 dolia,
951 3852 1116 3923 scamna,
1141 3829 1298 3926 tabulas,
1326 3833 1429 3908 cistas
1455 3850 1492 3908 et
1513 3861 1608 3936 quar·

486 3996 490 4001 ,
555 3962 711 4037 cumque
723 3939 840 4038 lignea
855 3966 916 4015 seo
934 3942 1167 4037 ferramenta,
1180 3946 1238 4019 vel
1248 3948 1380 4045 quaevis
1392 3949 1463 4023 alia
1479 3949 1526 4023 ad
1539 3950 1608 4025 hoc

556 4072 760 4153 opportuna
770 4058 1002 4153 invenerunt,
1020 4084 1121 4159 plene
1133 4062 1172 4134 in
1184 4079 1387 4156 momento,
1402 4092 1468 4167 per
1485 4092 1609 4141 omnes

556 4170 690 4269 plateas
711 4185 747 4245 et
770 4188 897 4247 stratas
923 4175 1091 4271 civitatis,
1121 4189 1176 4249 tot
1201 4192 1238 4250 et
1261 4192 1360 4254 tanta
1387 4184 1609 4258 munimenta

555 4301 591 4359 et
615 4288 870 4390 impedimenta
894 4308 1092 4407 posuerunt
1107 4347 1117 4385 ,
1135 4294 1234 4394 quod
1252 4321 1327 4371 non
1349 4300 1461 4373 modo
1478 4326 1606 4401 eques,

555 4407 618 4481 sed
649 4436 718 4484 nec
746 4412 857 4513 pedes
882 4413 1009 4513 aliquis
1041 4441 1105 4516 per
1138 4416 1246 4491 ullam
1273 4419 1429 4519 plateam
1459 4422 1608 4498 civitatis

551 4526 729 4600 transiisse
743 4530 927 4627 potuisset.

603 4644 686 4728 Quo
701 4642 890 4717 subitaneo
907 4645 1059 4719 tumultu
1074 4663 1128 4737 et,
1144 4650 1254 4723 veluti
1266 4650 1413 4729 furentis
1428 4680 1522 4731 aure
1536 4656 1605 4731 lra-
