3892 5892
739 954 850 1012 men
870 952 1054 1025 QUARTUS.
1370 954 1429 1012 ill

374 1082 465 1170 ren‘t,
477 1076 614 1177 absque
622 1076 781 1150 bostium
793 1076 864 1153 ulla
877 1074 1069 1149 formidine
1080 1100 1141 1149 seu
1152 1070 1427 1176 impediment03

374 1207 412 1266 et
428 1196 495 1288 ita,
519 1192 609 1265 nihil
624 1192 755 1267 hostile
771 1206 852 1293 post
872 1216 947 1267 sea
966 1204 1068 1290 tergo
1090 1192 1344 1291 relinquentes,
1368 1192 1430 1264 sed

375 1332 516 1409 semper
531 1310 568 1382 in
590 1310 770 1383 anteriora
786 1332 861 1381 sese
878 1306 1121 1399 extendentes,
1141 1331 1184 1381 ex
1202 1332 1273 1381 una
1292 1322 1431 1380 tantum
1490 1294 1493 1305 ¹

374 1427 462 1499 facie
478 1425 607 1499 obvios
623 1426 745 1501 hostes
759 1425 952 1517 haberent,
971 1453 1015 1500 ex
1031 1425 1161 1518 altera,
1179 1452 1260 1525 quae
1274 1440 1370 1499 retro
1386 1426 1432 1498 ad

376 1540 569 1617 lines'suos
584 1545 798 1646 respiceret,
819 1564 959 1643 semper
976 1544 1106 1616 auxilia
1123 1556 1158 1615 et
1173 1568 1292 1616 rerum
1309 1567 1431 1615 neces·

376 1647 551 1731 sariarum
574 1659 699 1733 solatia
721 1657 899 1749 habituri3
931 1659 1039 1731 itaet
1065 1658 1200 1733 civitati
1227 1682 1297 1731 suae
1326 1673 1433 1757 atque

377 1775 518 1849 dioecesi
536 1776 650 1849 multo
667 1775 793 1848 melius
809 1773 1014 1848 consultum
1030 1776 1087 1867 iri,
1105 1798 1190 1847 cum
1206 1788 1356 1871 atergo,
1370 1778 1434 1845 Pa-

376 1890 481 1964 risios
495 1914 619 1965 versus
637 1905 673 1964 et
687 1896 909 1965 Francorum
925 1904 1055 1981 terras,
1077 1891 1191 1989 patria
1208 1904 1282 1963 tuta
1299 1903 1334 1962 et
1348 1889 1433 1960 hos-

378 2004 474 2078 tibus
487 2021 638 2079 vacuata
650 2004 880 2097 redderetur,
897 2028 1009 2104 quam
1024 2005 1054 2077 si
1069 2004 1116 2079 ad
1133 2005 1266 2105 oppida
1286 2005 1437 2079 Cadomi

378 2138 414 2197 et
428 2122 570 2198 Falesia.
586 2123 791 2224 recipienda
806 2122 1054 2195 intendissent.
1074 2126 1114 2195 ln
1128 2146 1198 2220 qua
1213 2148 1253 2195 re
1268 2124 1438 2195 verisimi-

378 2240 459 2313 liter
476 2240 563 2313 tales
579 2240 700 2313 obices
716 2236 954 2329 invenissent,
972 2238 1071 2338 quod
1079 2239 1155 2337 jam
1173 2255 1275 2341 parta
1291 2255 1327 2313 et
1342 2265 1437 2338 quae·

379 2355 470 2448 sita,
497 2352 582 2457 ipsis
607 2379 674 2429 suo
700 2368 833 2427 conatu
857 2354 1053 2446 frustratis,
1081 2355 1248 2427 extremis
1273 2354 1439 2454 periculis

380 2471 709 2571 exposuissen131u
726 2470 843 2559 enim,
862 2482 939 2541 tum
959 2469 998 2541 in
1015 2468 1155 2560 multis,
1173 2482 1253 2544 tum
1269 2470 1306 2541 in
1322 2468 1440 2568 perdi·

381 2587 480 2661 tione
495 2600 531 2661 et
548 2582 739 2661 miserabili
754 2586 954 2661 vastatione
970 2583 1093 2687 patriae
1109 2584 1326 2675 Caletensis,
1353 2608 1441 2657 con·

381 2702 499 2801 tigisse
523 2702 804 2777 admemoriam
823 2700 1015 2794 referebat;
1036 2725 1116 2799 quse
1138 2724 1222 2775 cum
1244 2714 1318 2773 tota
1340 2721 1440 2801 paene

381 2824 576 2922 perpatriae
591 2822 728 2897 incolas
736 2822 812 2921 regi
824 2826 1045 2894 Francorum
1059 2819 1233 2917 acquisita
1243 2818 1383 2911 suisset,
1396 2841 1441 2889 eo

381 2937 482 3037 quod
512 2936 601 3013 urbs
629 2938 893 3035 Rothomagurn
923 2959 1008 3009 cum
1028 2936 1153 3034 paucis
1174 2934 1325 3008 castellis
1348 2932 1442 3006 illius

383 3054 504 3153 patria
530 3056 567 3126 in
592 3053 788 3151 anglorum
802 3051 941 3126 ditione
957 3048 1078 3124 relicta
1092 3050 1187 3142 tuit,
1212 3065 1248 3124 et
1263 3050 1441 3122 intermis-

385 3192 465 3241 sum
489 3193 583 3267 opus
604 3168 705 3266 quod
730 3168 813 3243 satis
830 3167 978 3241 feliciter
999 3182 1153 3267 ceptum
1172 3166 1306 3257 luerat,
1326 3164 1443 3239 modi·

385 3310 470 3359 cum
485 3298 569 3385 post
584 3300 727 3385 tempus
741 3284 779 3357 in
796 3284 1049 3357 exterminium
1071 3282 1180 3355 totale
1197 3282 1391 3371 concessit,
1410 3292 1446 3352 et

386 3426 429 3475 ea
445 3427 525 3501 quae
540 3416 643 3502 parta
657 3401 797 3475 fuerant
820 3397 956 3500 oppida
971 3399 1019 3473 ab
1037 3397 1190 3494 Anglicis
1212 3394 1446 3495 postmodum

387 3531 595 3617 recuperata
612 3517 757 3590 luerunt
768 3538 854 3589 cum
869 3512 979 3587 totius
995 3511 1119 3614 patriae
1131 3509 1324 3583 miserabili
1339 3508 1448 3583 vasti-

389 3646 461 3707 tate
476 3659 485 3704 :
507 3632 554 3706 de
569 3658 643 3732 quo
658 3630 959 3731 insuperioribus
977 3629 1176 3731 pleniorem
1203 3627 1350 3703 lecimus
1364 3650 1447 3700 nar-

391 3750 569 3821 rationem
579 3753 602 3820 ¹.

438 3864 640 3941 Laudantes
664 3864 771 3961 igitur
786 3860 919 3935 militie
943 3860 1073 3950 duces,
1099 3862 1162 3959 qui
1183 3874 1261 3933 turn
1278 3858 1447 3951 aderant,
1558 3864 1566 3881 ‘

391 3993 427 4052 et
441 3994 612 4080 tauquam
625 3978 732 4053 fidele
752 4001 795 4052 ac
812 3978 965 4077 perutile
981 3976 1142 4074 ejusdem
1158 3974 1317 4075 presulis
1335 3974 1451 4047 consi·

392 4094 480 4167 tium
495 4095 762 4195 amplectentes,
773 4092 870 4169 illico
879 4092 926 4168 ad
938 4092 1028 4167 illud
1043 4090 1345 4165 innotescendum
1356 4090 1449 4187 regi,

394 4210 542 4285 cumbis
558 4237 636 4312 quae
646 4210 794 4287 feliciter
802 4208 938 4285 eisdem
951 4210 1214 4309 provenissent,
1229 4206 1454 4281 destinarunt

395 4324 442 4399 ad
455 4326 573 4425 ipsum
587 4328 750 4429 praelatos
765 4324 994 4429 dominosde
1006 4330 1187 4399 Guucourt
1199 4322 1290 4397 etde
1305 4321 1452 4411 Culun',
1498 4352 1502 4363 ¹

438 4598 468 4657 t.
491 4596 588 4670 Voyez
600 4591 758 4666 cidessus,
773 4612 803 4671 p.
821 4596 874 4652 ttt
892 4604 922 4651 et
934 4588 1011 4650 suiv.

439 4686 469 4743 2.
494 4684 598 4743 cutem
611 4678 683 4740 dans
694 4680 723 4739 le
737 4680 903 4739 manuscrit.
918 4682 1016 4755 voyes
1027 4674 1167 4735 cidessus
1179 4718 1188 4749 ,
1202 4694 1233 4755 p.
1247 4676 1316 4735 216.
