3892 5892
512 904 550 959 ll
795 895 1050 957 Htsrottltnuu
1068 898 1206 956 canon
1226 899 1278 954 v11

512 1021 630 1095 civilia
650 1034 756 1118 atque
773 1020 956 1111 intestina,
976 1044 1085 1115 quam
1108 1032 1252 1091 externa
1268 1033 1303 1089 et
1317 1004 1460 1091 hostilia
1476 1043 1566 1116 per-

512 1152 656 1211 ventum
675 1151 746 1228 est,
765 1151 920 1208 retexere
935 1187 946 1222 ,
962 1133 1047 1206 inde
1063 1158 1130 1205 nos
1147 1133 1401 1207 rationabiliter
1415 1134 1566 1205 aestima·

512 1278 593 1325 mus
605 1266 733 1324 nostrae
742 1252 851 1324 totius
862 1249 1075 1322 narrationis
1086 1250 1226 1321 initium
1237 1268 1345 1346 atque
1357 1248 1567 1321 fundamen·

512 1384 589 1440 tum
605 1369 741 1465 jecisse.
758 1372 846 1441 Nam
863 1380 897 1437 et
914 1366 1114 1465 peremptio
1129 1365 1229 1463 ducis
1241 1365 1563 1457 Aurelianensium,

513 1508 592 1581 quae
618 1497 724 1583 caput
753 1497 788 1553 et
814 1481 915 1577 origo
942 1480 1106 1552 omnium
1129 1480 1369 1552 calamitatum
1395 1481 1431 1551 in
1455 1504 1565 1577 regno

514 1600 659 1691 exstitit,
678 1600 732 1671 sui
758 1598 928 1696 temporis
950 1596 1034 1685 luit,
1059 1610 1094 1669 et
1111 1620 1156 1668 eo
1175 1595 1250 1693 jam
1273 1610 1359 1667 nato
1379 1594 1567 1695 plusquam

514 1716 694 1814 septenni,
719 1727 818 1812 patre
834 1712 950 1785 etiam
984 1736 1051 1783 suo
1079 1713 1155 1809 jam
1178 1724 1299 1784 mente
1326 1724 1448 1810 capto,
1477 1736 1567 1784 con-

514 1818 608 1929 rigis

562 1950 704 2017 lllortuo
728 1946 869 2042 itaque,
890 1958 929 2016 ut
953 1944 1135 2043 superiore
1159 1942 1343 2016 retulimus
1366 1942 1477 2030 libro,
1502 1948 1567 2018 Ca·

516 2062 591 2133 rolo
604 2065 667 2151 Vl,
687 2076 786 2159 patre
804 2086 886 2152 suo,
900 2060 1048 2134 Carolus
1057 2064 1118 2131 Vll
1135 2060 1172 2130 in
1185 2084 1334 2155 regnum
1351 2063 1568 2133 Francorum

515 2178 694 2267 successit,
707 2201 802 2249 anno
814 2178 960 2249 Domini
972 2199 1206 2264 mccocmxu,
1220 2200 1304 2247 cum
1313 2200 1449 2248 annum
1460 2179 1570 2250 aetatis

515 2308 632 2389 ageret
649 2294 787 2365 circiter
802 2293 1009 2365 vicesimum
1026 2290 1264 2380 secundum¹3
1278 2289 1378 2388 quod
1395 2291 1467 2362 suis
1480 2305 1569 2363 tem·

515 2408 769 2506 pon'bus,tum
781 2407 957 2481 diuturnis
968 2406 1194 2479 causantibus
1206 2406 1338 2502 guerris
1350 2421 1386 2478 et
1397 2407 1570 2479 intestinis

515 2536 551 2595 et
573 2524 745 2610 externis,
770 2539 846 2595 tum
867 2523 1065 2620 regentium
1086 2546 1127 2593 ac
1146 2522 1301 2609 ducum,
1321 2520 1384 2617 qui
1403 2520 1471 2594 sub
1490 2524 1569 2620 ipso

515 2653 632 2730 erant,
663 2639 826 2710 socordia
852 2651 957 2733 atque
985 2638 1146 2731 ignavia,
1174 2649 1250 2707 tum
1277 2637 1383 2709 etiam
1410 2635 1571 2709 militaris

516 2753 754 2851 disciplinaeet
766 2752 901 2824 ordinis
914 2753 1082 2839 carentia,
1102 2767 1137 2824 et
1149 2766 1367 2825 armatorum
1379 2752 1571 2851 rapacitate

517 2882 623 2964 atque
638 2866 845 2938 omnimoda
861 2865 1112 2960 dissolutione,
1128 2866 1175 2939 ad
1188 2882 1322 2941 tantam
1335 2869 1570 2943 vastationem

516 2982 677 3080 pervenit
684 2985 707 3071 ',
725 2997 764 3053 ut
776 3006 797 3053 a
811 2981 959 3053 flumine
973 2983 1104 3080 Ligeris
1118 2983 1292 3081 usquead
1308 2989 1523 3083 Sequanam,
1535 3000 1570 3058 et

515 3096 599 3169 iude
615 3122 728 3195 usque
744 3096 791 3171 ad
806 3097 956 3169 fluvium
971 3102 1196 3189 Summonae,
1210 3102 1361 3172 mortuis
1373 3100 1429 3174 vel
1446 3104 1571 3201 proili-

516 3215 603 3310 gatis
617 3214 766 3302 colonis,
781 3239 905 3287 omnes
917 3216 991 3313 agri
1005 3216 1128 3309 lerme,
1139 3232 1173 3288 et
1187 3218 1264 3288 sine
1278 3219 1431 3310 cultura,
1446 3232 1481 3289 et
1493 3220 1569 3291 sine

515 3329 658 3428 populis
674 3354 694 3401 a
713 3329 842 3428 quibus
858 3330 928 3403 coli
944 3332 1163 3429 potuissent,
1184 3357 1249 3431 per
1264 3355 1380 3406 annos
1398 3332 1571 3432 plurimos

517 3442 694 3543 longaque
727 3462 888 3545 tempora
918 3448 1199 3545 permanserint3
1233 3448 1354 3548 paucis
1387 3448 1571 3523 dumtaxat

517 3562 750 3659 portiunculis
776 3576 875 3635 terme
898 3564 1069 3661 exeeptis,
1089 3564 1125 3634 in
1152 3564 1301 3661 quihus,
1328 3566 1357 3637 si
1381 3564 1467 3663 quid
1495 3581 1571 3638 tum

516 3675 712 3766 colebatur,
745 3678 870 3775 procul
893 3700 913 3747 a
929 3678 1147 3768 civitatibus,
1165 3679 1308 3780 oppidis
1325 3680 1382 3752 vel
1401 3680 1568 3767 castellis,

516 3805 662 3890 propter
676 3790 886 3891 praedonum
903 3792 1062 3864 assiduas
1082 3796 1322 3886 incursiones,
1338 3796 1480 3869 extendi
1497 3820 1571 3869 non

516 3921 667 4006 poterat.
694 3905 842 3978 Inferior
862 3921 982 3979 tamen
1009 3910 1227 3981 Normannia
1252 3913 1289 3982 in
1312 3912 1509 4008 Bajocismo
1537 3928 1573 3985 et

517 4022 780 4114 Constantium,
809 4046 853 4093 eo
878 4021 977 4119 quod
992 4022 1060 4094 sub
1087 4024 1280 4120 ingloriam
1294 4026 1431 4100 ditione
1454 4030 1571 4101 consi·

520 4153 628 4230 stens,
645 4137 690 4210 ab
718 4138 981 4211 adversantium
1006 4138 1266 4213 munitionibus
1281 4140 1422 4241 longius
1433 4144 1569 4234 aberat,

558 4346 588 4403 l.
610 4343 633 4400 ll
645 4342 752 4403 n’avait
764 4362 821 4421 quc
831 4342 913 4423 vingt
921 4362 972 4401 ans
983 4355 1013 4403 et
1024 4341 1112 4417 demi,
1126 4344 1204 4403 dtant
1217 4344 1254 4403 ne
1264 4345 1292 4405 le
1307 4349 1345 4405 22
1360 4348 1467 4411 le'vrier
1481 4355 1571 4411 ttoa.

559 4434 588 4487 2.
611 4435 649 4491 Ce
663 4432 713 4509 qui
727 4433 783 4491 suit
794 4431 833 4491 du
848 4433 963 4511 present
976 4434 1184 4514 paragraphea
1201 4434 1245 4493 ete'
1258 4436 1395 4498 intercal&
1408 4459 1479 4500 avec
1489 4440 1574 4520 quel·

521 4538 592 4598 ques
605 4520 808 4602 changements
820 4523 890 4583 dans
901 4522 942 4581 les
956 4528 1082 4581 Annales
1095 4528 1237 4584 Flaadrr'ae
1250 4526 1286 4586 de
1301 4532 1411 4607 Meyer,
1428 4528 1478 4589 lib.
1494 4532 1572 4587 xvt.

563 4616 591 4670 3.
614 4614 654 4669 Le
668 4612 767 4671 Bessin
781 4626 809 4671 et
822 4614 850 4673 le
863 4614 1004 4673 Colentin.
