3892 5892
496 888 568 943 aa
788 882 1049 965 uuromsauu
1068 881 1278 940 caucum

496 1010 706 1084 adversariis
731 1008 916 1081 inferiores
941 1010 1078 1096 essent,
1106 1006 1169 1103 qui
1189 1027 1343 1077 numero
1363 998 1406 1075 et'
1425 1003 1559 1077 viribus
1578 1102 1587 1113 ο

496 1152 558 1199 eos
574 1125 680 1224 longe
698 1126 803 1198 nimis
818 1149 987 1225 superare
1004 1122 1231 1197 videbantur.

544 1244 616 1316 Sed
641 1241 783 1315 salubre
810 1240 1019 1338 hujusmodi
1054 1239 1256 1313 consilium·
1277 1240 1559 1315 Alamannorum

342 1448 351 1460 .
497 1359 728 1457 precipitatio
751 1370 857 1454 atque
879 1357 1119 1428 inconstantia
1140 1355 1307 1454 amplecti
1326 1381 1402 1429 non
1426 1358 1555 1457 potuit.

366 1537 369 1543 ,
496 1475 672 1547 Direrunt
688 1474 785 1545 enim
796 1472 847 1544 illi
859 1458 1029 1545 veterano
1047 1470 1150 1544 valde
1165 1485 1326 1569 experto,
1345 1473 1446 1568 quasi
1461 1486 1558 1544 metu

497 1591 622 1661 anxius
648 1590 722 1689 ipse
748 1586 937 1660 consilium
957 1585 1166 1684 hujusmodi
1188 1585 1361 1681 dedisset,
1387 1587 1505 1685 quod,
1529 1589 1560 1659 si

497 1720 663 1799 paveret,
688 1719 783 1777 retro
812 1703 945 1798 abiret;
965 1706 1034 1804 ipsi
1054 1703 1153 1776 enim
1167 1702 1289 1776 hostes
1312 1728 1397 1777 suos
1415 1704 1560 1803 aggredi

499 1820 647 1894 minime
666 1821 913 1894 formidarent.
941 1820 1080 1909 Quibus
1097 1821 1312 1918 responsum
1329 1818 1412 1892 secit
1427 1846 1465 1893 se
1480 1821 1560 1919 ipso

497 1936 557 2009 die
584 1934 810 2013 ostensurum
836 1935 936 2035 quod
963 1961 1039 2008 non
1067 1949 1216 2034 propter
1242 1920 1378 2007 metum
1402 1937 1561 2009 hostium

497 2054 711 2148 consuleret,
725 2056 788 2129 sed
804 2070 912 2129 causa
921 2052 1075 2127 vitandae
1088 2053 1308 2139 temeritatis,
1323 2077 1406 2151 qua,
1424 2055 1563 2127 in'con-

497 2171 737 2266 gressionibus
757 2171 910 2263 bellicis,
935 2169 1024 2242 nibil
1049 2169 1264 2267 peniciosius
1286 2194 1362 2241 esse
1379 2183 1513 2269 potest;
1532 2169 1563 2241 si

498 2308 585 2391 vero
608 2286 740 2359 utiliter
764 2285 987 2378 consuleret,
1015 2310 1148 2377 necne,
1174 2286 1241 2387 ipsi
1262 2308 1305 2356 ex
1326 2299 1457 2356 eventu
1477 2284 1562 2356 elle-

420 2430 421 2433 *
461 2413 630 2499 *ctuque
659 2426 780 2475 rerum
796 2413 1085 2497 cognoscerent.
1119 2398 1171 2471 Ad
1197 2413 1318 2472 castra·
1336 2399 1444 2494 igitur·
1474 2402 1561 2469 Bnr·

498 2515 725 2610 gundionum
770 2515 1010 2617 expugnanda
1053 2528 1239 2585 moventes
1264 2514 1457 2585 exercitum
1493 2517 1562 2585 Lo-

499 2631 653 2731 tharingi
687 2649 723 2706 et
758 2634 965 2723 Alemanni,
999 2655 1082 2702 cum
1112 2630 1184 2719 suis
1215 2628 1351 2702 balistis
1374 2628 1494 2731 jacula
1527 2644 1563 2701 et

498 2750 643 2822 missilia
668 2754 704 2822 in
725 2751 846 2823 hostes
862 2748 1066 2847 jaciebant3
1093 2774 1113 2820 e
1134 2761 1261 2820 contra
1282 2772 1369 2820 vero
1398 2773 1419 2820 e
1440 2749 1563 2822 castris

499 2864 795 2961 Burgundionum
812 2863 999 2962 sagittarii,
1023 2863 1087 2961 qui
1100 2862 1171 2934 illic
1187 2878 1288 2935 erant
1304 2865 1441 2963 pedites
1461 2866 1563 2937 circi·

499 2995 553 3053 ter
576 2984 770 3077 octingenti
794 2995 857 3055 aut
887 2979 1002 3080 mille,
1029 2994 1167 3052 tamer
1193 2978 1354 3053 Picardia
1385 3007 1495 3079 quarn
1519 3008 1563 3055 ex

498 3099 634 3195 Anglia,
653 3098 800 3171 viriliter
812 3113 848 3171 et
860 3096 997 3170 fortiter
1013 3098 1155 3194 sagittas
1169 3097 1345 3188 emittere,
1362 3123 1475 3196 equos
1488 3101 1564 3198 qui-

498 3212 566 3285 bus
591 3212 776 3285 Alemanni
794 3229 829 3286 ct
845 3211 1053 3310 Lotharingi
1072 3210 1351 3311 adequitabant,
1371 3238 1455 3287 cum
1470 3216 1563 3314 ipsis

498 3329 714 3425 sessoribus,
734 3330 898 3403 occidere
913 3329 969 3402 vel
982 3329 1182 3419 vulnerare,
1201 3329 1428 3425 retrogrados
1443 3354 1561 3427 agere,

500 3426 600 3518 etex
621 3448 699 3547 ipso
721 3445 913 3521 vulnerum
934 3446 1060 3517 dolore
1081 3443 1238 3517 calcibus
1258 3469 1334 3516 sese
1357 3460 1484 3518 mutuo
1500 3471 1563 3546 pe·

501 3576 589 3655 tere,
604 3588 757 3635 sessores
773 3562 945 3661 dejicere,
965 3562 1057 3633 acies
1071 3560 1281 3660 perturbare
1296 3575 1404 3659 atque
1417 3562 1565 3634 conlun-

499 3676 597 3750 dere.
634 3683 752 3768 Quam
777 3677 1084 3779 perturbationem
1113 3692 1222 3775 atque
1252 3677 1563 3751 deordinationem

499 3820 583 3867 cum
599 3796 668 3895 ipsi
686 3795 960 3892 Burgundiones
975 3793 1214 3893 perviderent,
1232 3795 1350 3867 statim
1366 3795 1564 3870 exsilientes

500 3910 547 3985 dc
571 3913 693 3985 castris
712 3927 747 3986 ct
770 3935 854 3983 cum
877 3910 1013 4009 impetu
1034 3933 1166 4007 magno
1189 3912 1366 3985 irruentes
1387 3913 1422 3983 in
1443 3912 1564 3985 hostes

497 4026 571 4122 jam
588 4052 688 4127 paene
698 4052 741 4099 ex
755 4051 818 4101 sua
831 4026 1027 4098 temeritate
1040 4026 1213 4117 devictos,
1229 4026 1404 4127 plurimos
1421 4053 1464 4100 ex
1479 4029 1565 4127 ipsis

500 4161 743 4246 peremerunt,
762 4145 840 4218 aliis
858 4144 964 4217 celeri
979 4143 1073 4240 suga,
1093 4142 1222 4240 quibus
1238 4144 1276 4217 id
1291 4145 1409 4237 licuit,
1431 4170 1470 4217 se
1485 4160 1565 4217 tan·

500 4260 546 4333 tis
561 4262 728 4360 periculis
743 4258 1055 4333 subducentibus¹.

551 4380 647 4451 Caesa
658 4395 743 4453 sunt
759 4379 811 4452 ibi
827 4436 836 4470 ,
855 4392 895 4451 ut
913 4378 1103 4473 serebatur,
1121 4394 1212 4473 octo,
1222 4378 1334 4453 millia
1349 4385 1425 4454 tam
1440 4405 1484 4454 ex
1501 4385 1565 4453 Lo·

546 4624 575 4681 l.
601 4620 723 4685 Bataille
735 4622 772 4685 de
785 4624 966 4707 Bulgndville
976 4644 1014 4689 en
1028 4624 1179 4699 unciae,
1192 4622 1219 4684 le
1232 4625 1250 4682 l
1261 4622 1358 4699 juillet
1370 4626 1460 4689 1⁴3¹.
