3892 5892
779 962 888 1023 unua
905 962 1070 1027 TERTIUS.

762 1236 1018 1307 certantum
1043 1240 1086 1307 ll.

412 1421 532 1489 Qualiter
542 1437 667 1495 agrorum
679 1421 794 1475 cultores
805 1420 977 1481 Narmannire
985 1421 1051 1493 jussi
1064 1435 1124 1475 sunt
1136 1422 1248 1491 murari,
1264 1435 1292 1479 ct
1302 1426 1441 1497 quomodo

628 1512 706 1585 Angli
718 1508 754 1565 de
765 1510 817 1585 ipis
830 1530 954 1585 magum
971 1525 1085 1585 stragem
1097 1512 1228 1571 secernat.

443 1670 486 1741 Et
504 1692 588 1741 cum
612 1666 782 1743 adversus
803 1692 930 1741 eorum
947 1668 1089 1768 rapinas
1104 1685 1140 1743 et
1154 1668 1342 1743 violentias
1358 1670 1457 1747 nulla

396 1780 575 1859 sufficiens
594 1782 664 1857 alia
681 1782 839 1883 provisio
855 1808 917 1855 seu
938 1783 1139 1859 remedium
1156 1784 1336 1859 videretur
1351 1811 1457 1886 posse
1488 1822 1494 1835 ·

389 1884 537 1993 ‘affert-i,
559 1922 624 1997 per
651 1898 788 1997 aliquot
817 1912 900 1973 ante
925 1922 1041 1973 annos
1065 1924 1174 1997 quam
1199 1899 1295 1975 dicta
1321 1924 1391 2001 pax
1417 1902 1455 1977 in

395 2011 565 2087 Atrebate
587 2010 705 2105 fieret,
723 2010 901 2108 regalibus
919 2012 1045 2087 edictis
1062 2036 1127 2113 per
1149 2026 1263 2089 totam
1283 2019 1457 2095 Normnn-

395 2126 493 2201 niam
512 2127 689 2203 sancitum
707 2141 812 2201 estet
828 2140 1060 2226 praeceptum,
1080 2142 1120 2201 ut
1139 2154 1266 2205 omnes
1288 2155 1457 2229 agromm

395 2246 550 2323 cultores
570 2268 670 2319 arma
691 2242 759 2319 sibi
780 2257 1033 2343 compararent
1048 2258 1084 2318 et
1098 2242 1298 2338 haberen13
1324 2246 1459 2345 quihus

395 2362 572 2457 instructi,
590 2386 679 2455 sese,
696 2375 769 2437 tam
781 2377 908 2437 contra
924 2358 1046 2435 hostes
1058 2364 1228 2456 Francos,
1242 2388 1352 2460 quam
1369 2391 1457 2439 con·

396 2492 451 2552 tra
473 2476 694 2552 latrunculos
715 2491 751 2551 et
771 2475 959 2575 praedones
980 2475 1130 2573 anglos,
1149 2478 1213 2575 qui
1231 2478 1387 2553 infinitas
1407 2483 1459 2555 eis

395 2594 541 2691 injurias
561 2608 663 2669 erant
687 2593 817 2669 assueti
841 2594 1021 2692 irrogare,
1045 2610 1191 2693 possent
1216 2596 1323 2671 tutari
1349 2611 1457 2696 atque

395 2710 598 2787 defendere.
621 2716 730 2787 Erant
749 2711 847 2787 enim
864 2738 929 2811 per
949 2710 1106 2809 singulas
1119 2710 1218 2785 villas
1234 2725 1271 2785 et
1282 2712 1383 2785 vicos
1397 2739 1458 2787 or-

394 2828 507 2905 dinati
529 2828 744 2904 decuriones
767 2852 830 2901 seu
848 2827 989 2919 decani,
1006 2828 1317 2926 quinquagenarii,
1337 2844 1458 2904 centu·

395 2948 529 3037 riones,
544 2946 746 3040 millenarii,
758 2960 794 3021 et
808 2946 859 3019 sic
873 2944 1118 3037 ascendendo,
1134 2946 1203 3019 sub
1218 2946 1349 3043 quibus
1364 2976 1454 3044 sese,

395 3063 626 3137 ecclesiarum
648 3062 860 3139 sonantibus
881 3064 1078 3161 campanis,
1093 3062 1313 3160 colligerent,
1336 3081 1373 3139 et
1388 3069 1457 3143 sub

395 3204 520 3253 eorum
542 3178 676 3255 ducatu
693 3178 838 3255 obviam
862 3177 1041 3269 hostibus,
1065 3176 1128 3251 ubi
1149 3204 1243 3279 opus
1256 3180 1360 3275 foret,
1373 3209 1457 3283 pro-

394 3295 584 3387 cederent;
600 3280 946 3391 velsicumhnglicis
962 3318 1019 3367 res
1034 3308 1209 3393 ageretur,
1224 3297 1288 3393 qui
1297 3294 1454 3397 aliquam

394 3412 506 3485 cuivis
519 3411 735 3509 irrogassent
750 3410 934 3507 iujuriam,
953 3409 1051 3507 ipsos
1066 3424 1232 3508 potenter
1247 3435 1356 3483 manu
1373 3414 1454 3489 forti

393 3526 717 3629 apprehenderent,
731 3542 766 3600 et
781 3526 827 3599 ad
837 3526 1052 3623 justiciarios
1069 3526 1185 3625 regios
1202 3551 1270 3625 pro
1286 3528 1455 3627 qualitate

393 3644 653 3719 maleficiorum
668 3644 872 3745 puniendos
891 3642 1125 3719 deducerent.
1149 3642 1220 3717 Sed
1241 3668 1284 3718 ea
1299 3648 1455 3745 populo-

393 3788 476 3837 rum
492 3776 528 3835 et
545 3763 668 3861 patrias
683 3761 840 3856 libertas,
861 3784 934 3857 qua
949 3760 1108 3839 insoleus
1132 3758 1192 3833 illa
1211 3774 1247 3831 ct
1263 3760 1456 3867 indiscipli-

392 3897 489 3979 nata,
508 3882 643 3983 rapinis
656 3896 763 3981 atque
776 3878 914 3977 injuriis
932 3891 1085 3971 assueta,
1103 3878 1300 3977 Anglorurn
1313 3880 1451 3982 militia,

394 3999 592 4075 alibertate
618 3994 781 4097 rapiendi
805 4009 841 4070 et
861 3984 1008 4092 injtirias
1023 4020 1092 4095 pro
1114 3994 1216 4069 libito
1240 3997 1456 4098 cuicumque

394 4118 581 4209 inserendi,
591 4130 699 4217 prout
709 4114 881 4191 hactenus
893 4126 1167 4205 consueverant,
1178 4112 1453 4213 prohibebatur,

396 4236 480 4335 ipsis
504 4232 732 4334 praedouihus
757 4232 875 4330 Anglis
894 4228 1205 4303 vehementissime
1231 4228 1453 4331 displicebat.

397 4349 500 4424 Unde
529 4348 659 4423 modos
685 4348 977 4437 nefandissimos,
1007 4346 1043 4417 iu
1076 4344 1238 4444 pluribus
1263 4348 1457 4444 provincia*

396 4466 624 4540 Normannia·
645 4464 827 4565 partibus,
853 4462 1101 4561 excogitarunt
1129 4474 1165 4533 et
1193 4464 1455 4560 practicanmt,

396 4582 529 4683 quibus
559 4582 756 4655 libertatern
786 4581 883 4655 illam
911 4579 1035 4679 populi
1069 4577 1252 4675 adimere,
1283 4596 1319 4655 et
1341 4582 1457 4685 ipsam

396 4726 544 4803 prorsus
561 4698 783 4795 exstinguere
800 4712 836 4769 et
849 4697 1084 4767 exterminare
1100 4710 1257 4794 possent.
