<?xml version="1.0" encoding="UTF-8"?>
<!DOCTYPE html PUBLIC "-//W3C//DTD XHTML 1.0 Transitional//EN"
    "http://www.w3.org/TR/xhtml1/DTD/xhtml1-transitional.dtd">
<html xmlns="http://www.w3.org/1999/xhtml" xml:lang="en" lang="en">
 <head>
  <title>
</title>
<meta http-equiv="Content-Type" content="text/html;charset=utf-8" />
  <meta name='ocr-system' content='tesseract 3.04.00' />
  <meta name='ocr-capabilities' content='ocr_page ocr_carea ocr_par ocr_line ocrx_word'/>
</head>
<body>
  <div class='ocr_page' id='page_1' title='image "./histoiredesrgne01amelgoog_0476.png"; bbox 0 0 3892 5892; ppageno 0'>
   <div class='ocr_carea' id='block_1_1' title="bbox 732 914 1414 1002">
    <p class='ocr_par' dir='ltr' id='par_1_1' title="bbox 732 914 1414 1002">
     <span class='ocr_line' id='line_1_1' title="bbox 732 914 1414 1002; baseline -0.004 -16"><span class='ocrx_word' id='word_1_1' title='bbox 732 928 841 986; x_wconf 82' lang='lat' dir='ltr'><strong>unm</strong></span> <span class='ocrx_word' id='word_1_2' title='bbox 861 927 1033 1002; x_wconf 81' lang='lat' dir='ltr'><strong>Qumrus.</strong></span> <span class='ocrx_word' id='word_1_3' title='bbox 1359 914 1414 984; x_wconf 79' lang='lat' dir='ltr'><strong>ait</strong></span> 
     </span>
    </p>
   </div>
   <div class='ocr_carea' id='block_1_2' title="bbox 363 1051 1513 3451">
    <p class='ocr_par' dir='ltr' id='par_1_2' title="bbox 363 1051 1513 1380">
     <span class='ocr_line' id='line_1_2' title="bbox 363 1051 1417 1151; baseline -0.002 -27"><span class='ocrx_word' id='word_1_4' title='bbox 363 1053 498 1151; x_wconf 86' lang='lat' dir='ltr'><strong>erigere</strong></span> <span class='ocrx_word' id='word_1_5' title='bbox 521 1067 627 1150; x_wconf 82' lang='lat' dir='ltr'><strong>atque</strong></span> <span class='ocrx_word' id='word_1_6' title='bbox 651 1051 823 1128; x_wconf 76' lang='lat' dir='ltr'>rebellare</span> <span class='ocrx_word' id='word_1_7' title='bbox 848 1053 924 1125; x_wconf 83' lang='lat' dir='ltr'><strong>ausi</strong></span> <span class='ocrx_word' id='word_1_8' title='bbox 950 1067 1046 1124; x_wconf 87' lang='lat' dir='ltr'><strong>sunt.</strong></span> <span class='ocrx_word' id='word_1_9' title='bbox 1070 1054 1162 1140; x_wconf 76' lang='lat' dir='ltr'><strong>Quae</strong></span> <span class='ocrx_word' id='word_1_10' title='bbox 1192 1075 1247 1122; x_wconf 88' lang='lat' dir='ltr'><strong>res</strong></span> <span class='ocrx_word' id='word_1_11' title='bbox 1271 1051 1417 1123; x_wconf 89' lang='lat' dir='ltr'><strong>eosdem</strong></span> 
     </span>
     <span class='ocr_line' id='line_1_3' title="bbox 363 1166 1513 1266; baseline -0.001 -26"><span class='ocrx_word' id='word_1_12' title='bbox 363 1180 459 1240; x_wconf 89' lang='lat' dir='ltr'><strong>certe</strong></span> <span class='ocrx_word' id='word_1_13' title='bbox 484 1169 521 1240; x_wconf 91' lang='lat' dir='ltr'><strong>in</strong></span> <span class='ocrx_word' id='word_1_14' title='bbox 547 1191 694 1266; x_wconf 89' lang='lat' dir='ltr'><strong>magnas</strong></span> <span class='ocrx_word' id='word_1_15' title='bbox 714 1168 875 1240; x_wconf 78' lang='lat' dir='ltr'>miserias</span> <span class='ocrx_word' id='word_1_16' title='bbox 896 1182 1004 1264; x_wconf 88' lang='lat' dir='ltr'><strong>atque</strong></span> <span class='ocrx_word' id='word_1_17' title='bbox 1027 1166 1265 1255; x_wconf 81' lang='lat' dir='ltr'><strong>calamitates,</strong></span> <span class='ocrx_word' id='word_1_18' title='bbox 1292 1192 1333 1238; x_wconf 85' lang='lat' dir='ltr'><strong>ex</strong></span> <span class='ocrx_word' id='word_1_19' title='bbox 1358 1167 1419 1239; x_wconf 94' lang='lat' dir='ltr'><strong>illo</strong></span> <span class='ocrx_word' id='word_1_20' title='bbox 1509 1195 1513 1206; x_wconf 93' lang='lat'>·</span> 
     </span>
     <span class='ocr_line' id='line_1_4' title="bbox 365 1281 1416 1380; baseline -0.002 -26"><span class='ocrx_word' id='word_1_21' title='bbox 365 1282 571 1380; x_wconf 86' lang='lat' dir='ltr'><strong>temporalis</strong></span> <span class='ocrx_word' id='word_1_22' title='bbox 580 1305 652 1356; x_wconf 81' lang='lat' dir='ltr'><strong>suae</strong></span> <span class='ocrx_word' id='word_1_23' title='bbox 660 1281 834 1355; x_wconf 82' lang='lat' dir='ltr'><strong>felicitatis</strong></span> <span class='ocrx_word' id='word_1_24' title='bbox 851 1282 1006 1378; x_wconf 75' lang='lat' dir='ltr'><strong>fastigio,</strong></span> <span class='ocrx_word' id='word_1_25' title='bbox 1020 1281 1168 1354; x_wconf 78' lang='lat' dir='ltr'>detrusit</span> <span class='ocrx_word' id='word_1_26' title='bbox 1182 1305 1223 1354; x_wconf 90' lang='lat' dir='ltr'><strong>ac</strong></span> <span class='ocrx_word' id='word_1_27' title='bbox 1236 1281 1416 1354; x_wconf 83' lang='lat' dir='ltr'><strong>demersit.</strong></span> 
     </span>
    </p>

    <p class='ocr_par' dir='ltr' id='par_1_3' title="bbox 367 1395 1422 1702">
     <span class='ocr_line' id='line_1_5' title="bbox 415 1395 1420 1486; baseline -0.003 -15"><span class='ocrx_word' id='word_1_28' title='bbox 415 1401 503 1486; x_wconf 72' lang='lat' dir='ltr'><strong>Qua</strong></span> <span class='ocrx_word' id='word_1_29' title='bbox 517 1414 637 1471; x_wconf 90' lang='lat' dir='ltr'><strong>autem</strong></span> <span class='ocrx_word' id='word_1_30' title='bbox 657 1421 764 1472; x_wconf 85' lang='lat' dir='ltr'><strong>causa</strong></span> <span class='ocrx_word' id='word_1_31' title='bbox 778 1421 841 1470; x_wconf 92' lang='lat' dir='ltr'><strong>seu</strong></span> <span class='ocrx_word' id='word_1_32' title='bbox 858 1398 999 1470; x_wconf 79' lang='lat' dir='ltr'>occasio</span> <span class='ocrx_word' id='word_1_33' title='bbox 1022 1398 1073 1469; x_wconf 87' lang='lat' dir='ltr'><strong>eis</strong></span> <span class='ocrx_word' id='word_1_34' title='bbox 1096 1395 1290 1470; x_wconf 87' lang='lat' dir='ltr'><strong>rebellandi</strong></span> <span class='ocrx_word' id='word_1_35' title='bbox 1310 1412 1420 1468; x_wconf 87' lang='lat' dir='ltr'><strong>mate·</strong></span> 
     </span>
     <span class='ocr_line' id='line_1_6' title="bbox 367 1510 1422 1610; baseline -0.002 -24"><span class='ocrx_word' id='word_1_36' title='bbox 367 1513 456 1586; x_wconf 85' lang='lat' dir='ltr'><strong>riam</strong></span> <span class='ocrx_word' id='word_1_37' title='bbox 475 1515 654 1605; x_wconf 88' lang='lat' dir='ltr'><strong>attulerit,</strong></span> <span class='ocrx_word' id='word_1_38' title='bbox 673 1536 695 1586; x_wconf 87' lang='lat' dir='ltr'><strong>a</strong></span> <span class='ocrx_word' id='word_1_39' title='bbox 715 1512 864 1586; x_wconf 84' lang='lat' dir='ltr'><strong>diversis</strong></span> <span class='ocrx_word' id='word_1_40' title='bbox 879 1513 1029 1610; x_wconf 90' lang='lat' dir='ltr'><strong>quidem</strong></span> <span class='ocrx_word' id='word_1_41' title='bbox 1045 1511 1191 1585; x_wconf 85' lang='lat' dir='ltr'><strong>diversae</strong></span> <span class='ocrx_word' id='word_1_42' title='bbox 1207 1510 1312 1584; x_wconf 86' lang='lat' dir='ltr'><strong>luisse</strong></span> <span class='ocrx_word' id='word_1_43' title='bbox 1329 1511 1422 1585; x_wconf 83' lang='lat' dir='ltr'><strong>lere·</strong></span> 
     </span>
     <span class='ocr_line' id='line_1_7' title="bbox 368 1625 516 1702; baseline -0.007 -2"><span class='ocrx_word' id='word_1_44' title='bbox 368 1625 516 1702; x_wconf 83' lang='lat' dir='ltr'><strong>bantur.</strong></span> 
     </span>
    </p>

    <p class='ocr_par' dir='ltr' id='par_1_4' title="bbox 370 1743 1433 3220">
     <span class='ocr_line' id='line_1_8' title="bbox 420 1743 1424 1843; baseline -0.001 -26"><span class='ocrx_word' id='word_1_45' title='bbox 420 1744 569 1818; x_wconf 69' lang='lat' dir='ltr'><strong>aiebant</strong></span> <span class='ocrx_word' id='word_1_46' title='bbox 596 1770 728 1843; x_wconf 84' lang='lat' dir='ltr'><strong>nempe</strong></span> <span class='ocrx_word' id='word_1_47' title='bbox 754 1745 822 1843; x_wconf 94' lang='lat' dir='ltr'><strong>ipsi</strong></span> <span class='ocrx_word' id='word_1_48' title='bbox 845 1743 1055 1816; x_wconf 86' lang='lat' dir='ltr'><strong>Gaudenses</strong></span> <span class='ocrx_word' id='word_1_49' title='bbox 1076 1759 1112 1816; x_wconf 92' lang='lat' dir='ltr'><strong>et</strong></span> <span class='ocrx_word' id='word_1_50' title='bbox 1138 1743 1200 1842; x_wconf 92' lang='lat' dir='ltr'><strong>qui</strong></span> <span class='ocrx_word' id='word_1_51' title='bbox 1232 1767 1357 1816; x_wconf 86' lang='lat' dir='ltr'><strong>eorum</strong></span> <span class='ocrx_word' id='word_1_52' title='bbox 1376 1743 1424 1816; x_wconf 87' lang='lat' dir='ltr'><strong>la·</strong></span> 
     </span>
     <span class='ocr_line' id='line_1_9' title="bbox 370 1857 1425 1957; baseline 0 -29"><span class='ocrx_word' id='word_1_53' title='bbox 370 1857 503 1932; x_wconf 80' lang='lat' dir='ltr'><strong>vehant</strong></span> <span class='ocrx_word' id='word_1_54' title='bbox 522 1859 700 1957; x_wconf 88' lang='lat' dir='ltr'><strong>partibus,</strong></span> <span class='ocrx_word' id='word_1_55' title='bbox 718 1857 837 1956; x_wconf 85' lang='lat' dir='ltr'><strong>quod,</strong></span> <span class='ocrx_word' id='word_1_56' title='bbox 859 1881 943 1930; x_wconf 89' lang='lat' dir='ltr'><strong>cum</strong></span> <span class='ocrx_word' id='word_1_57' title='bbox 969 1857 1131 1955; x_wconf 72' lang='lat' dir='ltr'><strong>praelatus</strong></span> <span class='ocrx_word' id='word_1_58' title='bbox 1151 1858 1318 1957; x_wconf 89' lang='lat' dir='ltr'><strong>princeps</strong></span> <span class='ocrx_word' id='word_1_59' title='bbox 1341 1881 1425 1929; x_wconf 91' lang='lat' dir='ltr'><strong>suus</strong></span> 
     </span>
     <span class='ocr_line' id='line_1_10' title="bbox 370 1976 1426 2077; baseline -0.002 -27"><span class='ocrx_word' id='word_1_60' title='bbox 370 1978 554 2077; x_wconf 74' lang='lat' dir='ltr'><strong>Philippus</strong></span> <span class='ocrx_word' id='word_1_61' title='bbox 563 1977 738 2076; x_wconf 89' lang='lat' dir='ltr'><strong>gabellam</strong></span> <span class='ocrx_word' id='word_1_62' title='bbox 753 1977 835 2051; x_wconf 84' lang='lat' dir='ltr'><strong>salis</strong></span> <span class='ocrx_word' id='word_1_63' title='bbox 848 1978 884 2050; x_wconf 92' lang='lat' dir='ltr'><strong>in</strong></span> <span class='ocrx_word' id='word_1_64' title='bbox 896 1976 1062 2050; x_wconf 85' lang='lat' dir='ltr'><strong>Flandria</strong></span> <span class='ocrx_word' id='word_1_65' title='bbox 1073 1976 1118 2048; x_wconf 90' lang='lat' dir='ltr'><strong>de</strong></span> <span class='ocrx_word' id='word_1_66' title='bbox 1130 2002 1227 2049; x_wconf 88' lang='lat' dir='ltr'><strong>novo</strong></span> <span class='ocrx_word' id='word_1_67' title='bbox 1240 1977 1426 2076; x_wconf 81' lang='lat' dir='ltr'><strong>imponere</strong></span> 
     </span>
     <span class='ocr_line' id='line_1_11' title="bbox 371 2090 1427 2191; baseline 0 -26"><span class='ocrx_word' id='word_1_68' title='bbox 371 2093 557 2181; x_wconf 81' lang='lat' dir='ltr'><strong>voluisset,</strong></span> <span class='ocrx_word' id='word_1_69' title='bbox 586 2093 665 2167; x_wconf 88' lang='lat' dir='ltr'><strong>aliis</strong></span> <span class='ocrx_word' id='word_1_70' title='bbox 692 2092 835 2191; x_wconf 88' lang='lat' dir='ltr'><strong>oppidis</strong></span> <span class='ocrx_word' id='word_1_71' title='bbox 862 2113 904 2164; x_wconf 88' lang='lat' dir='ltr'><strong>ac</strong></span> <span class='ocrx_word' id='word_1_72' title='bbox 928 2090 1098 2163; x_wconf 88' lang='lat' dir='ltr'><strong>membris</strong></span> <span class='ocrx_word' id='word_1_73' title='bbox 1129 2094 1250 2190; x_wconf 73' lang='lat' dir='ltr'><strong>patriae</strong></span> <span class='ocrx_word' id='word_1_74' title='bbox 1280 2093 1427 2165; x_wconf 90' lang='lat' dir='ltr'><strong>minime</strong></span> 
     </span>
     <span class='ocr_line' id='line_1_12' title="bbox 371 2206 1428 2305; baseline 0.002 -26"><span class='ocrx_word' id='word_1_75' title='bbox 371 2206 587 2280; x_wconf 82' lang='lat' dir='ltr'><strong>audentibus</strong></span> <span class='ocrx_word' id='word_1_76' title='bbox 613 2207 807 2304; x_wconf 89' lang='lat' dir='ltr'><strong>denegare,</strong></span> <span class='ocrx_word' id='word_1_77' title='bbox 833 2207 900 2304; x_wconf 91' lang='lat' dir='ltr'><strong>ipsi</strong></span> <span class='ocrx_word' id='word_1_78' title='bbox 925 2207 1013 2296; x_wconf 88' lang='lat' dir='ltr'><strong>soli,</strong></span> <span class='ocrx_word' id='word_1_79' title='bbox 1040 2230 1105 2305; x_wconf 92' lang='lat' dir='ltr'><strong>pro</strong></span> <span class='ocrx_word' id='word_1_80' title='bbox 1130 2208 1251 2304; x_wconf 84' lang='lat' dir='ltr'><strong>putriae</strong></span> <span class='ocrx_word' id='word_1_81' title='bbox 1266 2207 1428 2281; x_wconf 83' lang='lat' dir='ltr'><strong>libertate</strong></span> 
     </span>
     <span class='ocr_line' id='line_1_13' title="bbox 373 2318 1429 2420; baseline 0.003 -28"><span class='ocrx_word' id='word_1_82' title='bbox 373 2321 526 2412; x_wconf 87' lang='lat' dir='ltr'><strong>tuenda,</strong></span> <span class='ocrx_word' id='word_1_83' title='bbox 553 2323 629 2394; x_wconf 88' lang='lat' dir='ltr'><strong>ausi</strong></span> <span class='ocrx_word' id='word_1_84' title='bbox 654 2321 794 2394; x_wconf 87' lang='lat' dir='ltr'><strong>fuerant</strong></span> <span class='ocrx_word' id='word_1_85' title='bbox 819 2321 993 2393; x_wconf 88' lang='lat' dir='ltr'><strong>obsistere</strong></span> <span class='ocrx_word' id='word_1_86' title='bbox 1010 2318 1059 2394; x_wconf 92' lang='lat' dir='ltr'><strong>illi</strong></span> <span class='ocrx_word' id='word_1_87' title='bbox 1075 2321 1246 2412; x_wconf 85' lang='lat' dir='ltr'><strong>novitati;</strong></span> <span class='ocrx_word' id='word_1_88' title='bbox 1274 2347 1339 2420; x_wconf 91' lang='lat' dir='ltr'><strong>pro</strong></span> <span class='ocrx_word' id='word_1_89' title='bbox 1357 2348 1429 2420; x_wconf 87' lang='lat' dir='ltr'><strong>qua</strong></span> 
     </span>
     <span class='ocr_line' id='line_1_14' title="bbox 373 2435 1429 2534; baseline 0.002 -27"><span class='ocrx_word' id='word_1_90' title='bbox 373 2459 479 2508; x_wconf 90' lang='lat' dir='ltr'><strong>causa</strong></span> <span class='ocrx_word' id='word_1_91' title='bbox 495 2435 654 2508; x_wconf 84' lang='lat' dir='ltr'><strong>infensus</strong></span> <span class='ocrx_word' id='word_1_92' title='bbox 676 2436 774 2509; x_wconf 89' lang='lat' dir='ltr'><strong>idem</strong></span> <span class='ocrx_word' id='word_1_93' title='bbox 794 2435 979 2534; x_wconf 88' lang='lat' dir='ltr'><strong>princeps,</strong></span> <span class='ocrx_word' id='word_1_94' title='bbox 1006 2449 1103 2506; x_wconf 88' lang='lat' dir='ltr'><strong>certa</strong></span> <span class='ocrx_word' id='word_1_95' title='bbox 1130 2459 1210 2533; x_wconf 86' lang='lat' dir='ltr'><strong>quae</strong></span> <span class='ocrx_word' id='word_1_96' title='bbox 1234 2437 1429 2534; x_wconf 69' lang='lat' dir='ltr'><strong>praetende-</strong></span> 
     </span>
     <span class='ocr_line' id='line_1_15' title="bbox 374 2547 1429 2648; baseline 0.004 -28"><span class='ocrx_word' id='word_1_97' title='bbox 374 2547 463 2620; x_wconf 89' lang='lat' dir='ltr'><strong>bant</strong></span> <span class='ocrx_word' id='word_1_98' title='bbox 488 2547 623 2621; x_wconf 85' lang='lat' dir='ltr'><strong>babere</strong></span> <span class='ocrx_word' id='word_1_99' title='bbox 659 2547 843 2648; x_wconf 86' lang='lat' dir='ltr'><strong>privilegia</strong></span> <span class='ocrx_word' id='word_1_100' title='bbox 875 2548 1040 2647; x_wconf 89' lang='lat' dir='ltr'><strong>propria,</strong></span> <span class='ocrx_word' id='word_1_101' title='bbox 1072 2549 1129 2621; x_wconf 81' lang='lat' dir='ltr'><strong>rel</strong></span> <span class='ocrx_word' id='word_1_102' title='bbox 1159 2548 1353 2624; x_wconf 81' lang='lat' dir='ltr'><strong>reformare</strong></span> <span class='ocrx_word' id='word_1_103' title='bbox 1392 2553 1429 2624; x_wconf 93' lang='lat' dir='ltr'><strong>in</strong></span> 
     </span>
     <span class='ocr_line' id='line_1_16' title="bbox 376 2645 1432 2763; baseline 0.004 -29"><span class='ocrx_word' id='word_1_104' title='bbox 376 2662 522 2753; x_wconf 86' lang='lat' dir='ltr'><strong>melius,</strong></span> <span class='ocrx_word' id='word_1_105' title='bbox 547 2662 604 2735; x_wconf 89' lang='lat' dir='ltr'><strong>vel</strong></span> <span class='ocrx_word' id='word_1_106' title='bbox 623 2677 795 2761; x_wconf 88' lang='lat' dir='ltr'><strong>tanquam</strong></span> <span class='ocrx_word' id='word_1_107' title='bbox 817 2663 948 2737; x_wconf 90' lang='lat' dir='ltr'><strong>rationi</strong></span> <span class='ocrx_word' id='word_1_108' title='bbox 973 2677 1081 2760; x_wconf 89' lang='lat' dir='ltr'><strong>atque</strong></span> <span class='ocrx_word' id='word_1_109' title='bbox 1107 2663 1248 2736; x_wconf 86' lang='lat' dir='ltr'><strong>utilitati</strong></span> <span class='ocrx_word' id='word_1_110' title='bbox 1280 2645 1432 2763; x_wconf 74' lang='lat' dir='ltr'><strong>publicae</strong></span> 
     </span>
     <span class='ocr_line' id='line_1_17' title="bbox 376 2776 1428 2875; baseline 0.004 -27"><span class='ocrx_word' id='word_1_111' title='bbox 376 2777 555 2850; x_wconf 90' lang='lat' dir='ltr'><strong>contraria</strong></span> <span class='ocrx_word' id='word_1_112' title='bbox 571 2777 761 2875; x_wconf 86' lang='lat' dir='ltr'><strong>infringere</strong></span> <span class='ocrx_word' id='word_1_113' title='bbox 772 2776 967 2849; x_wconf 86' lang='lat' dir='ltr'><strong>inchoavit.</strong></span> <span class='ocrx_word' id='word_1_114' title='bbox 982 2776 1048 2849; x_wconf 92' lang='lat' dir='ltr'><strong>Cui</strong></span> <span class='ocrx_word' id='word_1_115' title='bbox 1058 2777 1219 2850; x_wconf 88' lang='lat' dir='ltr'><strong>resistere</strong></span> <span class='ocrx_word' id='word_1_116' title='bbox 1228 2778 1428 2873; x_wconf 82' lang='lat' dir='ltr'><strong>molientes,</strong></span> 
     </span>
     <span class='ocr_line' id='line_1_18' title="bbox 376 2891 1432 2992; baseline 0.004 -30"><span class='ocrx_word' id='word_1_117' title='bbox 376 2915 460 2964; x_wconf 88' lang='lat' dir='ltr'><strong>curn</strong></span> <span class='ocrx_word' id='word_1_118' title='bbox 488 2891 726 2990; x_wconf 83' lang='lat' dir='ltr'><strong>legationibus</strong></span> <span class='ocrx_word' id='word_1_119' title='bbox 752 2892 922 2966; x_wconf 91' lang='lat' dir='ltr'><strong>eumdem</strong></span> <span class='ocrx_word' id='word_1_120' title='bbox 952 2893 1153 2992; x_wconf 89' lang='lat' dir='ltr'><strong>principem</strong></span> <span class='ocrx_word' id='word_1_121' title='bbox 1181 2893 1362 2970; x_wconf 88' lang='lat' dir='ltr'><strong>inflectere</strong></span> <span class='ocrx_word' id='word_1_122' title='bbox 1385 2893 1432 2968; x_wconf 87' lang='lat' dir='ltr'><strong>ad</strong></span> 
     </span>
     <span class='ocr_line' id='line_1_19' title="bbox 377 3009 1433 3107; baseline 0.006 -28"><span class='ocrx_word' id='word_1_123' title='bbox 377 3031 479 3080; x_wconf 83' lang='lat' dir='ltr'><strong>auam</strong></span> <span class='ocrx_word' id='word_1_124' title='bbox 509 3009 733 3083; x_wconf 87' lang='lat' dir='ltr'><strong>voluntatem</strong></span> <span class='ocrx_word' id='word_1_125' title='bbox 765 3011 913 3082; x_wconf 89' lang='lat' dir='ltr'><strong>minime</strong></span> <span class='ocrx_word' id='word_1_126' title='bbox 943 3023 1114 3107; x_wconf 88' lang='lat' dir='ltr'><strong>possent,</strong></span> <span class='ocrx_word' id='word_1_127' title='bbox 1145 3009 1182 3082; x_wconf 94' lang='lat' dir='ltr'><strong>in</strong></span> <span class='ocrx_word' id='word_1_128' title='bbox 1211 3010 1433 3084; x_wconf 79' lang='lat' dir='ltr'><strong>manifestam</strong></span> 
     </span>
     <span class='ocr_line' id='line_1_20' title="bbox 378 3123 1061 3220; baseline 0.006 -27"><span class='ocrx_word' id='word_1_129' title='bbox 378 3137 609 3220; x_wconf 83' lang='lat' dir='ltr'><strong>apertamque</strong></span> <span class='ocrx_word' id='word_1_130' title='bbox 622 3123 854 3197; x_wconf 89' lang='lat' dir='ltr'><strong>rebellionem</strong></span> <span class='ocrx_word' id='word_1_131' title='bbox 872 3140 1061 3197; x_wconf 83' lang='lat' dir='ltr'><strong>venerunt.</strong></span> 
     </span>
    </p>

    <p class='ocr_par' dir='ltr' id='par_1_5' title="bbox 381 3236 1435 3451">
     <span class='ocr_line' id='line_1_21' title="bbox 429 3236 1435 3338; baseline 0.009 -31"><span class='ocrx_word' id='word_1_132' title='bbox 429 3236 494 3308; x_wconf 77' lang='lat' dir='ltr'><strong>atii</strong></span> <span class='ocrx_word' id='word_1_133' title='bbox 520 3263 604 3310; x_wconf 85' lang='lat' dir='ltr'><strong>vero</strong></span> <span class='ocrx_word' id='word_1_134' title='bbox 626 3263 646 3311; x_wconf 93' lang='lat' dir='ltr'><strong>e</strong></span> <span class='ocrx_word' id='word_1_135' title='bbox 671 3238 814 3310; x_wconf 82' lang='lat' dir='ltr'><strong>diverso</strong></span> <span class='ocrx_word' id='word_1_136' title='bbox 837 3237 1016 3334; x_wconf 82' lang='lat' dir='ltr'><strong>negabant</strong></span> <span class='ocrx_word' id='word_1_137' title='bbox 1043 3263 1189 3337; x_wconf 83' lang='lat' dir='ltr'><strong>prorsus</strong></span> <span class='ocrx_word' id='word_1_138' title='bbox 1214 3240 1315 3338; x_wconf 90' lang='lat' dir='ltr'><strong>quod</strong></span> <span class='ocrx_word' id='word_1_139' title='bbox 1339 3243 1435 3316; x_wconf 88' lang='lat' dir='ltr'><strong>idem</strong></span> 
     </span>
     <span class='ocr_line' id='line_1_22' title="bbox 381 3351 1435 3451; baseline 0.005 -28"><span class='ocrx_word' id='word_1_140' title='bbox 381 3351 549 3451; x_wconf 85' lang='lat' dir='ltr'><strong>princeps</strong></span> <span class='ocrx_word' id='word_1_141' title='bbox 561 3377 698 3425; x_wconf 85' lang='lat' dir='ltr'><strong>novum</strong></span> <span class='ocrx_word' id='word_1_142' title='bbox 718 3351 807 3425; x_wconf 90' lang='lat' dir='ltr'><strong>illud</strong></span> <span class='ocrx_word' id='word_1_143' title='bbox 823 3353 970 3449; x_wconf 84' lang='lat' dir='ltr'><strong>vectigal</strong></span> <span class='ocrx_word' id='word_1_144' title='bbox 987 3377 1053 3425; x_wconf 88' lang='lat' dir='ltr'><strong>seu</strong></span> <span class='ocrx_word' id='word_1_145' title='bbox 1068 3353 1243 3450; x_wconf 88' lang='lat' dir='ltr'><strong>gabellam</strong></span> <span class='ocrx_word' id='word_1_146' title='bbox 1257 3357 1359 3449; x_wconf 86' lang='lat' dir='ltr'><strong>salis,</strong></span> <span class='ocrx_word' id='word_1_147' title='bbox 1379 3355 1435 3428; x_wconf 85' lang='lat' dir='ltr'><strong>vel</strong></span> 
     </span>
    </p>
   </div>
   <div class='ocr_carea' id='block_1_3' title="bbox 232 3465 1565 3684">
    <p class='ocr_par' dir='ltr' id='par_1_6' title="bbox 232 3465 1565 3684">
     <span class='ocr_line' id='line_1_23' title="bbox 232 3465 1437 3570; baseline 0.003 -32"><span class='ocrx_word' id='word_1_148' title='bbox 232 3549 242 3570; x_wconf 65' lang='lat'><strong>,</strong></span> <span class='ocrx_word' id='word_1_149' title='bbox 381 3465 692 3541; x_wconf 81' lang='lat' dir='ltr'><strong>aFlandrensibus</strong></span> <span class='ocrx_word' id='word_1_150' title='bbox 713 3467 868 3565; x_wconf 89' lang='lat' dir='ltr'><strong>petierit,</strong></span> <span class='ocrx_word' id='word_1_151' title='bbox 891 3467 950 3538; x_wconf 82' lang='lat' dir='ltr'><strong>vel</strong></span> <span class='ocrx_word' id='word_1_152' title='bbox 978 3465 1046 3538; x_wconf 89' lang='lat' dir='ltr'><strong>illis</strong></span> <span class='ocrx_word' id='word_1_153' title='bbox 1068 3467 1206 3566; x_wconf 92' lang='lat' dir='ltr'><strong>imponi</strong></span> <span class='ocrx_word' id='word_1_154' title='bbox 1227 3469 1299 3541; x_wconf 93' lang='lat' dir='ltr'><strong>ullo</strong></span> <span class='ocrx_word' id='word_1_155' title='bbox 1325 3470 1437 3543; x_wconf 92' lang='lat' dir='ltr'><strong>modo</strong></span> 
     </span>
     <span class='ocr_line' id='line_1_24' title="bbox 381 3579 1565 3684; baseline 0.002 -29"><span class='ocrx_word' id='word_1_156' title='bbox 381 3583 609 3679; x_wconf 55' lang='lat' dir='ltr'><strong>cogitaverim</strong></span> <span class='ocrx_word' id='word_1_157' title='bbox 628 3581 693 3655; x_wconf 86' lang='lat' dir='ltr'><strong>sed</strong></span> <span class='ocrx_word' id='word_1_158' title='bbox 710 3580 941 3654; x_wconf 90' lang='lat' dir='ltr'><strong>solummodo</strong></span> <span class='ocrx_word' id='word_1_159' title='bbox 957 3581 1042 3680; x_wconf 86' lang='lat' dir='ltr'><strong>quia</strong></span> <span class='ocrx_word' id='word_1_160' title='bbox 1058 3579 1211 3672; x_wconf 86' lang='lat' dir='ltr'><strong>abusus,</strong></span> <span class='ocrx_word' id='word_1_161' title='bbox 1239 3607 1331 3680; x_wconf 90' lang='lat' dir='ltr'><strong>quos</strong></span> <span class='ocrx_word' id='word_1_162' title='bbox 1356 3583 1436 3684; x_wconf 93' lang='lat' dir='ltr'><strong>plu·</strong></span> <span class='ocrx_word' id='word_1_163' title='bbox 1559 3623 1565 3628; x_wconf 91' lang='lat'><strong>·</strong></span> 
     </span>
    </p>
   </div>
   <div class='ocr_carea' id='block_1_4' title="bbox 383 3695 1440 4603">
    <p class='ocr_par' dir='ltr' id='par_1_7' title="bbox 383 3695 1440 4468">
     <span class='ocr_line' id='line_1_25' title="bbox 383 3695 1435 3796; baseline 0.005 -28"><span class='ocrx_word' id='word_1_164' title='bbox 383 3697 494 3770; x_wconf 80' lang='lat' dir='ltr'><strong>rimor</strong></span> <span class='ocrx_word' id='word_1_165' title='bbox 518 3696 586 3769; x_wconf 87' lang='lat' dir='ltr'><strong>sub</strong></span> <span class='ocrx_word' id='word_1_166' title='bbox 602 3695 867 3796; x_wconf 83' lang='lat' dir='ltr'><strong>privilegiorum</strong></span> <span class='ocrx_word' id='word_1_167' title='bbox 886 3711 1055 3796; x_wconf 75' lang='lat' dir='ltr'><strong>praetextu</strong></span> <span class='ocrx_word' id='word_1_168' title='bbox 1079 3697 1187 3771; x_wconf 90' lang='lat' dir='ltr'><strong>iidem</strong></span> <span class='ocrx_word' id='word_1_169' title='bbox 1205 3699 1435 3794; x_wconf 84' lang='lat' dir='ltr'><strong>Gaudenses,</strong></span> 
     </span>
     <span class='ocr_line' id='line_1_26' title="bbox 384 3813 1438 3915; baseline 0.005 -29"><span class='ocrx_word' id='word_1_170' title='bbox 384 3829 507 3888; x_wconf 88' lang='lat' dir='ltr'><strong>contra</strong></span> <span class='ocrx_word' id='word_1_171' title='bbox 540 3813 692 3888; x_wconf 90' lang='lat' dir='ltr'><strong>aliorum</strong></span> <span class='ocrx_word' id='word_1_172' title='bbox 718 3813 975 3888; x_wconf 84' lang='lat' dir='ltr'><strong>membrorum</strong></span> <span class='ocrx_word' id='word_1_173' title='bbox 993 3814 1164 3887; x_wconf 86' lang='lat' dir='ltr'><strong>Flandriae</strong></span> <span class='ocrx_word' id='word_1_174' title='bbox 1193 3828 1227 3888; x_wconf 87' lang='lat' dir='ltr'><strong>et</strong></span> <span class='ocrx_word' id='word_1_175' title='bbox 1257 3815 1438 3915; x_wconf 89' lang='lat' dir='ltr'><strong>publicam</strong></span> 
     </span>
     <span class='ocr_line' id='line_1_27' title="bbox 385 3931 1440 4032; baseline 0.003 -30"><span class='ocrx_word' id='word_1_176' title='bbox 385 3933 494 4004; x_wconf 87' lang='lat' dir='ltr'><strong>totius</strong></span> <span class='ocrx_word' id='word_1_177' title='bbox 514 3932 635 4031; x_wconf 77' lang='lat' dir='ltr'><strong>patria</strong></span> <span class='ocrx_word' id='word_1_178' title='bbox 659 3931 865 4020; x_wconf 86' lang='lat' dir='ltr'><strong>utilitatem,</strong></span> <span class='ocrx_word' id='word_1_179' title='bbox 896 3931 1126 4024; x_wconf 79' lang='lat' dir='ltr'><strong>exercebant,</strong></span> <span class='ocrx_word' id='word_1_180' title='bbox 1153 3931 1242 4005; x_wconf 93' lang='lat' dir='ltr'><strong>boni</strong></span> <span class='ocrx_word' id='word_1_181' title='bbox 1270 3933 1440 4032; x_wconf 89' lang='lat' dir='ltr'><strong>principis</strong></span> 
     </span>
     <span class='ocr_line' id='line_1_28' title="bbox 386 4047 1440 4146; baseline 0.005 -29"><span class='ocrx_word' id='word_1_182' title='bbox 386 4047 534 4143; x_wconf 82' lang='lat' dir='ltr'><strong>fungens</strong></span> <span class='ocrx_word' id='word_1_183' title='bbox 552 4047 691 4140; x_wconf 86' lang='lat' dir='ltr'><strong>oliicio,</strong></span> <span class='ocrx_word' id='word_1_184' title='bbox 712 4049 749 4120; x_wconf 90' lang='lat' dir='ltr'><strong>in</strong></span> <span class='ocrx_word' id='word_1_185' title='bbox 766 4048 893 4121; x_wconf 88' lang='lat' dir='ltr'><strong>melius</strong></span> <span class='ocrx_word' id='word_1_186' title='bbox 903 4049 1081 4146; x_wconf 84' lang='lat' dir='ltr'><strong>corrigere</strong></span> <span class='ocrx_word' id='word_1_187' title='bbox 1097 4073 1138 4122; x_wconf 86' lang='lat' dir='ltr'><strong>ac</strong></span> <span class='ocrx_word' id='word_1_188' title='bbox 1155 4049 1349 4122; x_wconf 79' lang='lat' dir='ltr'><strong>reformare</strong></span> <span class='ocrx_word' id='word_1_189' title='bbox 1364 4064 1440 4122; x_wconf 89' lang='lat' dir='ltr'><strong>stu-</strong></span> 
     </span>
     <span class='ocr_line' id='line_1_29' title="bbox 386 4159 1440 4263; baseline 0.004 -31"><span class='ocrx_word' id='word_1_190' title='bbox 386 4159 499 4249; x_wconf 86' lang='lat' dir='ltr'><strong>deret,</strong></span> <span class='ocrx_word' id='word_1_191' title='bbox 511 4163 547 4234; x_wconf 93' lang='lat' dir='ltr'><strong>in</strong></span> <span class='ocrx_word' id='word_1_192' title='bbox 563 4162 662 4235; x_wconf 88' lang='lat' dir='ltr'><strong>illam</strong></span> <span class='ocrx_word' id='word_1_193' title='bbox 675 4163 909 4237; x_wconf 87' lang='lat' dir='ltr'><strong>rebellionem</strong></span> <span class='ocrx_word' id='word_1_194' title='bbox 924 4177 1057 4235; x_wconf 92' lang='lat' dir='ltr'><strong>temere</strong></span> <span class='ocrx_word' id='word_1_195' title='bbox 1071 4165 1289 4263; x_wconf 85' lang='lat' dir='ltr'><strong>prorupisse,</strong></span> <span class='ocrx_word' id='word_1_196' title='bbox 1305 4164 1440 4238; x_wconf 89' lang='lat' dir='ltr'><strong>eidem·</strong></span> 
     </span>
     <span class='ocr_line' id='line_1_30' title="bbox 387 4279 1440 4380; baseline 0.005 -32"><span class='ocrx_word' id='word_1_197' title='bbox 387 4302 458 4375; x_wconf 87' lang='lat' dir='ltr'><strong>que</strong></span> <span class='ocrx_word' id='word_1_198' title='bbox 479 4279 631 4380; x_wconf 88' lang='lat' dir='ltr'><strong>principi</strong></span> <span class='ocrx_word' id='word_1_199' title='bbox 656 4304 818 4377; x_wconf 86' lang='lat' dir='ltr'><strong>guerram</strong></span> <span class='ocrx_word' id='word_1_200' title='bbox 845 4304 887 4352; x_wconf 89' lang='lat' dir='ltr'><strong>ac</strong></span> <span class='ocrx_word' id='word_1_201' title='bbox 912 4279 978 4351; x_wconf 90' lang='lat' dir='ltr'><strong>toti</strong></span> <span class='ocrx_word' id='word_1_202' title='bbox 1001 4279 1172 4352; x_wconf 80' lang='lat' dir='ltr'><strong>Flandriae</strong></span> <span class='ocrx_word' id='word_1_203' title='bbox 1192 4294 1228 4353; x_wconf 88' lang='lat' dir='ltr'><strong>et</strong></span> <span class='ocrx_word' id='word_1_204' title='bbox 1250 4279 1440 4377; x_wconf 87' lang='lat' dir='ltr'><strong>adjacenti·</strong></span> 
     </span>
     <span class='ocr_line' id='line_1_31' title="bbox 387 4391 964 4468; baseline 0 -2"><span class='ocrx_word' id='word_1_205' title='bbox 387 4391 455 4466; x_wconf 91' lang='lat' dir='ltr'><strong>bus</strong></span> <span class='ocrx_word' id='word_1_206' title='bbox 477 4395 579 4466; x_wconf 87' lang='lat' dir='ltr'><strong>terris</strong></span> <span class='ocrx_word' id='word_1_207' title='bbox 596 4395 770 4468; x_wconf 84' lang='lat' dir='ltr'><strong>hostiliter</strong></span> <span class='ocrx_word' id='word_1_208' title='bbox 791 4393 964 4467; x_wconf 81' lang='lat' dir='ltr'><strong>intulisse.</strong></span> 
     </span>
    </p>

    <p class='ocr_par' dir='ltr' id='par_1_8' title="bbox 440 4507 1439 4603">
     <span class='ocr_line' id='line_1_32' title="bbox 440 4507 1439 4603; baseline 0.002 -23"><span class='ocrx_word' id='word_1_209' title='bbox 440 4513 523 4580; x_wconf 86' lang='lat' dir='ltr'><strong>Utra</strong></span> <span class='ocrx_word' id='word_1_210' title='bbox 536 4533 623 4580; x_wconf 84' lang='lat' dir='ltr'><strong>vero</strong></span> <span class='ocrx_word' id='word_1_211' title='bbox 631 4511 777 4584; x_wconf 83' lang='lat' dir='ltr'><strong>istarum</strong></span> <span class='ocrx_word' id='word_1_212' title='bbox 790 4531 978 4582; x_wconf 85' lang='lat' dir='ltr'><strong>causarum</strong></span> <span class='ocrx_word' id='word_1_213' title='bbox 991 4507 1197 4580; x_wconf 87' lang='lat' dir='ltr'><strong>incendium</strong></span> <span class='ocrx_word' id='word_1_214' title='bbox 1213 4508 1311 4603; x_wconf 90' lang='lat' dir='ltr'><strong>belli,</strong></span> <span class='ocrx_word' id='word_1_215' title='bbox 1327 4509 1381 4582; x_wconf 86' lang='lat' dir='ltr'><strong>vel</strong></span> <span class='ocrx_word' id='word_1_216' title='bbox 1394 4536 1439 4582; x_wconf 87' lang='lat' dir='ltr'><strong>an</strong></span> 
     </span>
    </p>
   </div>
   <div class='ocr_carea' id='block_1_5' title="bbox 389 4621 1439 4724">
    <p class='ocr_par' dir='ltr' id='par_1_9' title="bbox 389 4621 1439 4724">
     <span class='ocr_line' id='line_1_33' title="bbox 389 4621 1439 4724; baseline 0.001 -26"><span class='ocrx_word' id='word_1_217' title='bbox 389 4623 458 4698; x_wconf 79' lang='lat' dir='ltr'><strong>alia</strong></span> <span class='ocrx_word' id='word_1_218' title='bbox 474 4621 658 4724; x_wconf 74' lang='lat' dir='ltr'><strong>quaedam,</strong></span> <span class='ocrx_word' id='word_1_219' title='bbox 677 4623 853 4710; x_wconf 87' lang='lat' dir='ltr'><strong>attulerit,</strong></span> <span class='ocrx_word' id='word_1_220' title='bbox 879 4623 1032 4696; x_wconf 89' lang='lat' dir='ltr'><strong>aliorum</strong></span> <span class='ocrx_word' id='word_1_221' title='bbox 1049 4621 1216 4698; x_wconf 83' lang='lat' dir='ltr'><strong>duximus</strong></span> <span class='ocrx_word' id='word_1_222' title='bbox 1229 4625 1367 4724; x_wconf 89' lang='lat' dir='ltr'><strong>judicio</strong></span> <span class='ocrx_word' id='word_1_223' title='bbox 1384 4649 1439 4700; x_wconf 86' lang='lat' dir='ltr'><strong>re·</strong></span> 
     </span>
    </p>
   </div>
   <div class='ocr_carea' id='block_1_6' title="bbox 0 0 1995 5892">
    <p class='ocr_par' dir='ltr' id='par_1_10' title="bbox 0 0 1995 5892">
     <span class='ocr_line' id='line_1_34' title="bbox 0 0 1995 5892; baseline 0 0"><span class='ocrx_word' id='word_1_224' title='bbox 0 0 1995 5892; x_wconf 95' lang='lat' dir='ltr'><strong> </strong></span> 
     </span>
    </p>
   </div>
  </div>
 </body>
</html>
