3892 5892
507 948 565 1007 sor
792 940 1050 1013 nasoniano
1070 951 1207 1011 eunom
1226 956 1280 1011 vn

505 1072 740 1149 rebellionem
764 1086 872 1171 atque
887 1073 1142 1151 discessionem
1156 1095 1421 1177 resurgerent,
1441 1082 1570 1154 stimu-

505 1188 579 1263 lare
595 1202 631 1263 et
647 1189 844 1283 concitare,
858 1214 970 1265 novas
987 1216 1140 1299 quoqne
1149 1194 1295 1291 injurias
1307 1194 1488 1295 prioribus
1504 1210 1568 1271 cu·'

506 1303 696 1381 mulantes.
721 1306 976 1412 Existimabam
998 1308 1119 1403 enirn,
1143 1312 1173 1383 si
1201 1309 1431 1411 adopertam
1453 1336 1568 1409 usque

504 1419 738 1497 rebellionem
755 1422 986 1523 prosilirent,
1012 1440 1090 1499 tum
1114 1442 1258 1501 nactam
1281 1429 1349 1502 sibi
1372 1430 1567 1527 legitimum

506 1538 733 1617 occasionem
755 1539 793 1611 in
811 1562 894 1632 eos,
919 1554 1092 1639 tanquam
1109 1566 1191 1615 reos
1212 1543 1301 1630 lasse
1320 1545 1510 1642 majestatis
1531 1560 1568 1617 et

504 1654 783 1754 perduellionis,
804 1680 1039 1755 quecumque
1068 1650 1165 1733 saera
1188 1684 1229 1732 ac
1250 1660 1394 1737 hostilia
1420 1661 1568 1759 cogitari

505 1786 670 1870 possent,
690 1770 861 1872 perficere
879 1789 988 1872 atque
1003 1776 1152 1875 impune
1169 1798 1347 1853 exercere.

778 2146 784 2155 1
860 2034 1117 2110 CAPITULUM
1141 2042 1201 2110 ΙΙΙ.

521 2233 689 2293 Rebellionss
699 2248 725 2293 st
737 2235 821 2293 turbe
837 2236 1011 2311 popularium
1026 2239 1186 2295 rusticorum
1198 2240 1227 2295 in
1237 2196 1387 2295 baiocisnio
1398 2250 1424 2293 et
1432 2237 1463 2293 in
1473 2238 1550 2297 vul·

865 2327 946 2381 Virisc
957 2326 1084 2383 adversus
1096 2329 1206 2402 anglos.

553 2480 658 2555 Unde
684 2482 722 2554 in
752 2496 891 2557 tantum
917 2481 1166 2559 occasionibus
1198 2480 1471 2579 hujuscemodi,
1503 2505 1568 2581 per

503 2601 647 2700 rapinas
677 2614 714 2675 et
743 2625 889 2673 omnem
922 2600 1133 2697 injuriarum
1170 2601 1352 2701 speciem,
1390 2598 1568 2700 populum

503 2712 718 2806 afflixerunt,
735 2729 772 2787 ut
789 2715 826 2785 in
843 2729 921 2787 toto
935 2715 1137 2787 Baiocismo
1148 2718 1174 2802 ¹,
1194 2713 1402 2788 auctoribus
1412 2714 1569 2787 nonnul·

502 2828 545 2901 lis
559 2828 741 2905 nobilibus
755 2829 877 2927 patriae
889 2832 916 2922 ¹,
935 2828 1061 2930 populi
1077 2855 1245 2929 agrorum
1261 2845 1298 2903 et
1313 2830 1502 2919 villarum,
1519 2828 1567 2902 ad

426 2962 432 2976 “
502 2969 584 3023 suas
609 2948 829 3023 ulciscendas
853 2950 1002 3047 injurias
1027 2965 1064 3023 et
1089 2951 1324 3045 calamitates,
1343 2952 1464 3025 eonati
1484 2965 1569 3024 sunt

501 3068 634 3165 anglos
649 3068 764 3167 patria
786 3067 918 3169 pellere
942 3082 1005 3141 aut
1027 3070 1277 3143 exterminare.
1298 3069 1446 3142 Collecti
1468 3069 1567 3142 enirn

502 3199 664 3284 ternpore
680 3182 848 3276 hiemali,
868 3210 953 3257 cum
968 3186 1067 3284 rigor
1083 3183 1212 3258 hiemis
1227 3184 1460 3261 vehementer
1480 3200 1566 3257 tunc

502 3302 656 3394 saeviret,
676 3302 768 3401 agris
784 3300 919 3401 ubique
944 3301 1090 3375 nivibus
1106 3302 1153 3375 ad
1169 3300 1449 3402 profunditatem
1467 3301 1567 3375 dno-

501 3444 582 3492 rum
603 3419 740 3520 pedum
761 3436 798 3493 et
813 3420 906 3493 ultra
930 3418 1134 3521 adopertis,
1153 3419 1200 3493 ad
1217 3417 1424 3492 suburbana
1440 3416 1565 3518 oppidi

495 3521 734 3611 ¹cadomensis
754 3554 1021 3629 convenerunt,
1039 3537 1200 3610 mrimni
1216 3536 1264 3611 ad
1288 3560 1481 3608 numerum
1497 3536 1567 3607 tri-

387 3654 393 3663 '
501 3652 598 3747 ginta
614 3652 766 3725 millium
779 3653 970 3727 hominum
988 3653 1207 3753 etamplius,
1223 3676 1323 3727 arma
1340 3648 1487 3751 quidem
1504 3664 1567 3723 ant

500 3768 599 3841 nulla
624 3768 817 3865 habentes,
840 3786 903 3845 aut
928 3770 1028 3857 talia,
1061 3770 1184 3868 paucis
1205 3768 1383 3870 exceptis,
1410 3792 1490 3868 quae
1517 3766 1565 3841 ad

500 3884 629 3959 milites
644 3886 739 3960 bene
755 3887 865 3959 armis
881 3883 1138 3985 communi[tos
1156 3882 1429 3987 aggredi]endos
1446 3882 1563 3957 ineffi-

540 4098 570 4153 t.
592 4100 633 4155 Le
648 4095 759 4155 Bessin.

540 4188 570 4245 2.
597 4212 610 4237 ιι
624 4186 664 4245 llz
677 4185 794 4245 aroient
805 4202 934 4264 areeque
948 4183 1018 4244 eulx
1031 4184 1176 4262 plusieurs
1196 4183 1357 4244 chevaliers
1376 4200 1516 4243 normans
1534 4196 1564 4241 et

499 4274 625 4335 escuiers
647 4275 687 4334 du
709 4294 792 4355 pays,
816 4275 915 4354 quise
933 4274 1053 4335 misrenr
1066 4274 1267 4357 purcillement
1280 4294 1330 4334 sus
1343 4287 1444 4335 conae
1467 4273 1563 4335 iceulx

498 4364 630 4445 Anglois,
644 4378 726 4425 entre
733 4364 860 4445 lesquelz
866 4364 988 4426 estoient
996 4386 1056 4449 ung
1064 4366 1181 4427 nomme
1187 4362 1311 4426 ihomas
1319 4364 1360 4427 du
1371 4366 1450 4445 Bois,
1464 4365 1493 4427 le
1505 4366 1563 4428 sire

498 4454 536 4514 de
552 4455 697 4533 Mervilie,
718 4476 779 4539 ung
794 4458 910 4517 nomme
925 4456 1024 4519 Pierre
1042 4457 1070 4517 le
1090 4456 1244 4531 flemene,
1259 4476 1321 4537 ung
1338 4456 1432 4517 ruine
1444 4458 1562 4515 nomme

498 4542 665 4623 Quatrepie.
716 4559 744 4605 et
756 4546 842 4607 discit
852 4565 892 4606 on
899 4564 956 4627 que
965 4547 1050 4626 celuy
1058 4544 1217 4625 Quatrepii
1226 4545 1311 4605 estoit
1320 4544 1349 4604 le
1358 4544 1499 4625 principe!
1509 4564 1562 4606 eu·

498 4643 769 4713 uepreneuretprr
778 4634 881 4695 l'advis
890 4636 1077 4697 etconduiote
1087 4634 1195 4717 duquel
1204 4634 1455 4717 segouremoient
1465 4632 1561 4695 iceulx

497 4720 659 4783 chevaliers
670 4740 808 4783 normsns
824 4736 853 4784 et
864 4724 984 4785 aultres.
1001 4750 1014 4777 s
1026 4728 1099 4784 leon
1114 4726 1255 4800 Omnr'er,
1269 4723 1291 4788 l.
1310 4744 1336 4786 c.
