3892 5892
573 900 628 956 ltttl
849 897 1103 959 fflsmttlstttlt
1125 900 1259 959 Calon
1283 906 1336 959 vu

568 1038 819 1121 contemptum
840 1040 1022 1125 patratum
1043 1026 1149 1097 thino
1174 1025 1406 1124 reputabant,
1429 1042 1631 1103 nerem

573 1140 699 1236 tnglos
716 1142 903 1236 fideliamis
919 1168 963 1212 ex
982 1140 1052 1211 hoe
1074 1142 1259 1214 manifeste
1277 1142 1524 1241 comprobari,
1542 1146 1628 1241 jus-

568 1272 675 1356 teque
702 1284 724 1331 a
748 1262 909 1336 francis,
934 1258 1067 1355 quibas
1087 1258 1197 1331 fidem
1218 1274 1398 1357 pactam
1416 1276 1625 1359 treugarum

567 1377 718 1446 minime
731 1378 977 1461 servavissent,
992 1376 1078 1471 quin
1093 1398 1153 1446 eas
1167 1376 1287 1473 potius
1300 1376 1433 1475 perfide
1449 1390 1484 1449 et
1498 1380 1626 1476 nequi

568 1508 622 1562 ter
643 1492 852 1566 violassent,
882 1516 988 1587 posse
1013 1494 1063 1561 eis
1087 1490 1222 1563 bellum
1250 1492 1380 1565 inferri.
1408 1497 1451 1563 Et
1471 1492 1620 1588 quidem

566 1608 659 1679 illico
687 1610 737 1679 ita
763 1608 838 1678 lieri
864 1606 999 1677 debere
1022 1606 1143 1705 plures
1167 1634 1210 1677 ex
1230 1608 1446 1679 Francorum
1467 1609 1621 1682 ducibus

564 1724 694 1796 Camlo
708 1726 781 1819 regi
794 1723 1003 1794 madebant.
1016 1728 1095 1821 lpse
1109 1748 1208 1813 vero,
1221 1725 1281 1820 qui
1294 1724 1617 1823 grarlsetprntlens

564 1856 658 1916 ent,
683 1844 818 1937 quique
842 1842 1015 1935 justitiam
1038 1856 1073 1909 et
1097 1840 1208 1911 fidem
1234 1840 1481 1937 honoremque
1511 1862 1614 1913 sunm

563 1956 731 2026 omnibus
754 1957 1012 2053 temporalibis
1036 1956 1236 2027 eommodis
1257 1970 1506 2054 anteponeret,
1533 1958 1615 2028 eln-

562 2074 745 2167 rioresque
760 2068 930 2154 haberet,
948 2086 1085 2142 tantam
1097 2094 1172 2142 rem
1190 2082 1423 2169 properanter
1432 2084 1468 2142 et
1476 2075 1614 2145 concite

561 2188 837 2286 aggrediendam
860 2210 936 2259 nou
957 2188 1116 2275 censuit,
1135 2188 1278 2273 rolens,
1301 2186 1434 2259 nedum
1455 2189 1608 2281 amalo,

562 2328 687 2376 rernm
709 2306 815 2375 etiam
830 2304 876 2374 ab
894 2304 994 2373 omni
1014 2304 1130 2400 specie
1150 2303 1246 2393 mali,
1266 2303 1365 2397 juxta
1380 2302 1611 2400 apostolicum

561 2440 790 2523 prereptum,
805 2446 932 2493 cavere
946 2438 982 2491 et
998 2420 1187 2491 abstinere.
1208 2422 1245 2490 Si
1261 2423 1369 2511 euim,
1387 2438 1533 2521 repente
1551 2422 1609 2494 illo

561 2556 698 2638 patratu
715 2566 838 2637 opere,
863 2538 976 2632 lnglis
994 2537 1128 2607 bellum
1148 2537 1277 2607 inferre
1291 2554 1531 2637 properasset,
1549 2563 1608 2638 po

560 2662 705 2729 tuissent
732 2660 850 2727 tomen
875 2657 995 2725 hostes
1020 2656 1063 2723 de
1093 2678 1135 2725 eo
1165 2654 1302 2745 dicere,
1330 2656 1427 2751 quod
1450 2658 1545 2729 vafre
1574 2667 1607 2731 el

557 2774 683 2843 dolose
699 2774 768 2841 tale
783 2769 1010 2862 malignitatis
1022 2784 1266 2841 commentum
1280 2772 1356 2869 ipse
1368 2774 1513 2846 Carolus
1527 2800 1606 2847 urm

556 2890 617 2956 illo
645 2888 854 2971 francisco,
875 2884 987 2953 milite
1008 2882 1207 2973 Celtibero,
1226 2886 1448 2959 machinatus
1470 2888 1603 2981 luisset,

555 3018 611 3089 ut,
636 3001 704 3070 sub
732 3000 794 3071 illo
820 3014 1012 3098 praetextu,
1032 3014 1171 3094 treugas
1189 3026 1274 3072 cum
1291 3003 1376 3101 ipsis
1394 3005 1498 3075 initas
1511 3006 1604 3100 jura·

553 3132 676 3212 tasque
701 3116 955 3213 abrumperet,
984 3130 1021 3186 et
1045 3116 1096 3186 eis
1119 3120 1604 3215 earumrupturamoalum-

552 3234 654 3303 uiose
670 3234 874 3331 imputaret.

599 3350 709 3433 Quod
732 3349 906 3448 probrum
931 3366 1039 3445 atque
1060 3348 1291 3445 ignominiam
1312 3350 1443 3421 evitare
1462 3353 1598 3445 volens,

551 3464 751 3560 nolensque
775 3467 881 3537 talem
903 3468 941 3537 in
962 3466 1075 3560 gloria
1094 3491 1158 3536 sua
1179 3466 1267 3565 poni
1291 3468 1489 3559 maculam,
1515 3496 1600 3569 pru-

549 3580 676 3650 denter
688 3605 730 3650 ac
745 3585 923 3677 sapienter
934 3580 1032 3652 idem
1044 3604 1105 3650 rea
1114 3580 1262 3651 Carolus
1274 3584 1441 3654 occurrit.
1458 3588 1600 3683 legatos

548 3697 646 3766 enim
662 3695 783 3794 plures
806 3711 842 3765 et
862 3698 969 3767 variis
989 3686 1144 3785 virilius,
1171 3720 1246 3766 uon
1271 3698 1382 3767 modo
1407 3698 1454 3770 ad
1475 3698 1598 3771 ducem

547 3810 776 3882 Summerseti
792 3810 996 3907 prefatum,
1016 3830 1140 3881 verum
1156 3812 1261 3882 etiam
1274 3828 1308 3883 et
1325 3814 1362 3884 in
1381 3816 1538 3914 angliam
1554 3812 1598 3889 ad

546 3952 668 4021 regem
684 3925 878 4023 auglorum
899 3924 1010 4013 misit,
1035 3928 1097 4020 qui
1119 3924 1164 3997 de
1181 3930 1360 3999 attentatis
1377 3945 1450 4003 tam
1467 3934 1503 4003 in
1521 3958 1598 4032 cap

547 4062 626 4117 tura
641 4044 799 4143 predicti
816 4040 959 4142 oppidi,
978 4066 1088 4139 quam
1104 4042 1210 4113 etiam
1232 4042 1268 4114 in
1288 4044 1408 4117 multis
1424 4048 1501 4121 aliis
1525 4074 1599 4149 spe·

544 4160 669 4232 ciebus
689 4176 962 4257 treugarumque
986 4172 1133 4257 ruptura
1156 4156 1280 4229 dolose
1302 4176 1338 4232 et
1356 4162 1492 4259 perfide
1512 4192 1596 4264 prae·

541 4290 698 4374 sumpta,
710 4288 954 4373 quererentur,
966 4274 1595 4377 requirerentquedamnorumatque

541 4390 752 4485 injuriarum
773 4389 910 4462 debitas
928 4387 1003 4459 fieri
1022 4386 1263 4459 restitutiones
1279 4404 1313 4459 et
1331 4394 1592 4490 reparationes,

541 4508 742 4605 protestati,
767 4508 797 4579 si
821 4505 966 4577 minime
989 4504 1026 4575 id
1049 4502 1165 4593 fieret,
1185 4500 1301 4577 fractis
1322 4532 1386 4579 sua
1410 4510 1594 4607 iniquitate

540 4621 689 4719 treugis,
724 4646 762 4693 se
790 4620 836 4693 ad
870 4620 1022 4695 recidiva
1050 4616 1143 4691 bella
1179 4618 1244 4691 sibl
1279 4620 1463 4697 inserenda
1492 4648 1594 4699 eom-
