3892 5892
744 914 854 973 unns
873 914 1038 973 TERTIUS.
1369 918 1422 975 111

365 1038 591 1133 vulneratus,
608 1038 769 1137 captivus
792 1060 877 1110 cum
903 1035 1084 1135 aliquibus
1100 1032 1286 1110 nobilibus
1304 1040 1428 1115 Belva·

365 1178 484 1229 cuma
501 1154 644 1226 Francis
660 1151 839 1225 adductus
855 1166 921 1225 cst.
943 1152 1011 1225 Ubi
1030 1176 1103 1251 prm
1119 1152 1278 1244 tristitia,
1294 1156 1428 1251 quoda

366 1286 438 1345 tarn
455 1294 566 1371 parva
582 1292 691 1342 manu
712 1282 835 1341 ettam
861 1270 1013 1369 turpiter
1026 1268 1140 1343 rictus
1163 1269 1425 1368 succubuisset,

365 1387 469 1461 simul
493 1402 530 1459 et
553 1386 665 1461 animi
690 1387 745 1458 sui
771 1384 882 1459 nimia
902 1398 1028 1484 agente
1050 1383 1236 1484 superbia,
1253 1383 1303 1459 ob
1318 1410 1429 1485 quam

366 1504 475 1577 etiam
498 1502 599 1607 utilia
621 1500 883 1575 medicamenta
908 1524 976 1573 suo
1000 1500 1140 1575 vulneri
1165 1502 1328 1575 curando
1350 1526 1427 1577 non

366 1616 506 1691 sinebat
521 1613 721 1707 admoveri,
735 1616 858 1715 paucis
872 1614 1012 1689 effluxis
1025 1614 1164 1706 diebus,
1179 1632 1342 1690 mortuus
1353 1631 1425 1691 est:

368 1756 518 1829 magnus
533 1732 694 1833 profecto
711 1730 824 1803 hostis
840 1735 1075 1822 Francorum,
1087 1746 1123 1803 et
1135 1731 1307 1805 libertatis
1321 1748 1429 1832 atque

363 1850 505 1947 justitiae
530 1849 751 1949 populorum
780 1847 1061 1940 inimicissimus,
1087 1861 1123 1921 et
1148 1851 1364 1947 prasertim,
1389 1866 1431 1925 ut

368 1965 542 2059 diximus,
568 1991 695 2057 eorum
723 1966 786 2067 qui
804 1964 1007 2039 Caletenses
1034 1988 1138 2062 agros
1160 1964 1337 2039 incolunt.
1358 1968 1430 2041 Sed

368 2080 415 2155 ad
441 2086 590 2155 eosdem
616 2080 748 2179 Anglos
772 2104 846 2153 non
872 2078 1048 2178 imparem
1069 2082 1203 2154 amoris
1226 2096 1335 2181 atque
1355 2083 1432 2157 odii

368 2198 484 2269 vicem
500 2195 609 2269 iidem
632 2195 759 2296 populi
782 2194 994 2267 referebant.
1012 2191 1117 2267 Unde
1132 2208 1220 2267 tunc
1239 2196 1290 2269 illi
1309 2200 1431 2297 pmiae

369 2312 563 2407 Celetrum,
581 2336 661 2409 que
683 2325 762 2385 tum
783 2310 1003 2411 populorum
1024 2311 1222 2409 frequentia
1247 2326 1284 2385 et
1303 2337 1430 2387 nurne-

370 2428 536 2517 rositate,
562 2428 644 2501 licet
667 2426 704 2499 io
728 2450 789 2517 ea,
813 2440 941 2524 prater
965 2422 1248 2523 Rotbomagnm‚
1273 2428 1432 2502 civitates

370 2540 476 2613 nullae
499 2540 570 2615 sint
591 2540 785 2641 etoppids
806 2542 985 2616 rarissima
1001 2566 1069 2641 pro
1091 2542 1167 2637 agri
1191 2542 1429 2642 spatiositate,

370 2671 514 2731 caeteras
529 2662 747 2733 Francorum
769 2658 972 2758 provincias
997 2656 1176 2747 anteibat,
1195 2658 1432 2731 infortunium

370 2776 566 2849 maximum
581 2789 617 2848 et
633 2774 681 2849 ad
701 2788 842 2875 tempus
862 2774 970 2849 totale
992 2776 1243 2851 eatemrinium
1259 2777 1429 2875 contigit3

369 2892 470 2991 quod
503 2892 654 2991 qualiter
682 2894 858 2988 evenerit,
886 2892 1028 2967 silentio
1057 2892 1236 2992 preterire
1261 2916 1338 2968 non
1365 2892 1433 2967 de·

370 3008 510 3083 bemus.

741 3258 996 3335 capitutum
1019 3266 1064 3335 V.

394 3436 513 3505 Qualiter
523 3435 671 3491 Caletenses
680 3434 806 3491 adsersus
816 3436 915 3508 Anglos
926 3434 1088 3491 rebellarunt
1099 3448 1125 3490 et
1134 3437 1170 3491 ab
1180 3436 1219 3493 eis
1230 3438 1412 3495 miserabiliter

801 3524 920 3598 oppressi
935 3536 1006 3582 sunt

422 3694 505 3764 Erat
530 3704 616 3763 tunc
638 3688 731 3761 inter
752 3701 909 3761 armatos
925 3691 1144 3763 Franoomm
1160 3688 1207 3763 de
1222 3690 1301 3791 ipsa
1316 3694 1433 3793 patria

372 3808 547 3885 Caletensi
563 3805 701 3881 habens
723 3806 899 3905 originem
922 3805 1074 3905 quidam
1094 3807 1245 3881 Carolus
1264 3806 1311 3883 de
1329 3810 1433 3885 Palu·

255 4010 268 4037 ·
372 3925 498 4018 dibus,
519 3924 633 4026 patria
649 3922 771 4021 lingsra
786 3928 1039 4017 Desnmrestz,
1056 3923 1170 3997 bomo
1190 3924 1352 4024 plebeius
1375 3939 1430 4015 et,

374 4056 412 4115 ut
427 4038 583 4131 aiebant,
599 4062 769 4139 aggerum
781 4051 817 4111 et
828 4038 1005 4111 fossarum
1022 4038 1265 4112 faciendarum
1274 4040 1397 4114 artilex
1407 4047 1428 4113 ¹.

374 4159 440 4232 Hic
454 4184 538 4233 cum
552 4171 670 4231 certos
685 4170 842 4231 armatos
856 4160 1075 4229 Francorum
1089 4154 1158 4229 sub
1168 4179 1236 4228 suo
1251 4156 1383 4229 dumtu
1397 4173 1435 4231 et

374 4287 548 4375 potestate
560 4271 727 4364 baberet,
743 4272 781 4346 in
793 4270 954 4371 quodam
973 4274 1094 4343 castro
1109 4270 1210 4368 quod
1222 4270 1435 4346 namium·

413 4494 443 4551 l.
467 4488 491 4549 tt
511 4486 598 4547 brills
614 4485 717 4567 depuis
730 4504 843 4547 comme
856 4484 999 4568 capitaine
1015 4484 1089 4547 dans
1109 4486 1153 4547 les
1165 4487 1278 4549 armies
1292 4486 1330 4549 de
1342 4488 1433 4551 cbar-

374 4583 417 4643 les
429 4582 484 4639 vn
497 4590 525 4637 et
538 4575 576 4637 de
588 4576 679 4637 Louis
691 4578 743 4638 XI.

416 4674 447 4733 1.
466 4664 661 4745 sujount‘tui
675 4662 746 4725 dans
757 4664 785 4724 le
798 4662 999 4743 ds'partetnent
1013 4662 1051 4725 de
1063 4664 1093 4725 la
1107 4666 1234 4728 Somms.
