3892 5892
747 898 858 959 unm
884 896 1089 957 SECUNDUS.
1414 900 1449 957 91

390 1034 473 1095 tuor
502 1018 613 1095 millia
644 1022 808 1095 virorum
836 1038 929 1115 erat3
957 1022 1041 1118 ted,
1077 1023 1161 1097 licet
1183 1004 1456 1123 comparatione

389 1136 567 1227 hostium,
587 1140 734 1237 «exigui
750 1166 922 1235 numero,
944 1158 1065 1217 tamon
1084 1141 1246 1243 proiecto
1266 1142 1364 1216 bello
1379 1160 1457 1217 erat

389 1252 508 1330 vivida
520 1254 643 1331 virtus.
659 1284 676 1325 u
691 1259 815 1332 Renati
825 1274 946 1333 autem
960 1258 1148 1351 exercitus,
1162 1282 1205 1331 ex
1215 1258 1454 1359 lotharingis,

390 1374 544 1467 Francis,
559 1372 776 1466 Alemannis,
792 1376 985 1477 plusquam
996 1378 1121 1474 viginti
1132 1378 1230 1452 mille
1241 1378 1456 1456 bellatorum

389 1512 466 1561 esse
483 1486 678 1583 ferebatur3
695 1490 852 1567 habebat
869 1494 967 1567 enim
989 1494 1123 1566 multoc
1144 1493 1286 1567 nobiles
1306 1492 1457 1567 Germa·

389 1622 457 1670 nos
484 1598 530 1673 de
559 1600 684 1675 Rheno
704 1617 740 1675 et
759 1602 1005 1700 adjacentibus
1026 1606 1129 1677 terris
1141 1630 1233 1677 ¹cum
1258 1606 1332 1679 suis
1351 1607 1458 1679 etiam

390 1714 634 1813 Lotharingis3
659 1717 817 1793 habebat
838 1734 875 1793 et
901 1720 1185 1795 strenuissimum
1206 1735 1243 1795 et
1260 1718 1457 1793 famosissi-

390 1854 490 1905 mum
508 1833 735 1932 capitaneum
757 1834 946 1909 dominum
969 1834 1014 1907 de
1034 1834 1223 1909 Barbusan
1244 1860 1329 1909 cum
1345 1836 1459 1937 pluri·

389 1946 458 2023 bus
476 1950 633 2023 Francis.

394 2055 398 2064 ⁸
440 2068 530 2139 Cum
560 2082 680 2142 autem
713 2068 991 2167 Burgundiones
1028 2094 1113 2143 cum
1148 2071 1297 2171 praesato
1327 2073 1459 2145 comite

391 2194 506 2255 castra
527 2181 621 2257 intra
640 2182 907 2280 Lothariugiam
924 2185 1048 2258 metati
1064 2200 1198 2278 essent,
1218 2202 1254 2259 et
1273 2210 1316 2261 ea
1334 2211 1460 2261 secun·

391 2295 480 2370 dum
505 2298 556 2369 rei
577 2298 739 2373 militaris
764 2316 878 2375 artem
903 2315 1012 2399 atque
1032 2302 1193 2375 instituta
1218 2300 1397 2375 locassent
1417 2328 1460 2376 ac

392 2416 623 2509 muniisscnt,
644 2417 690 2491 ad
710 2444 773 2493 eos
792 2419 956 2520 praefatus
972 2444 1036 2491 rex
1056 2422 1213 2492 Renatue
1227 2419 1460 2493 debellandos

392 2554 478 2603 cum
493 2548 570 2609 toto
588 2560 655 2607 suo
672 2537 829 2608 exercitu
843 2535 1072 2628 adventavit3
1090 2560 1248 2633 quorum
1267 2535 1460 2609 multitudo

392 2649 678 2725 adversariorum
690 2652 905 2751 paucitatem
914 2666 1152 2725 contemnens
1160 2664 1197 2722 et
1205 2649 1458 2751 parvifaciens,

391 2764 487 2843 illico
504 2784 540 2842 et
556 2767 695 2867 absque
714 2793 817 2843 mora
836 2794 899 2843 eos
919 2770 1029 2843 armis
1044 2768 1220 2867 impetere
1236 2764 1363 2838 voluit.
1390 2770 1460 2838 Eo·

391 2910 473 2961 rum
493 2912 581 2961 vero
603 2889 838 2961 temeritatem
859 2871 1040 2961 refrenare
1061 2900 1230 2976 conatus,
1251 2883 1311 2957 ille
1325 2898 1463 2959 vetera·

392 3026 460 3075 nus
476 3002 577 3077 mites
600 3002 789 3077 Barlasan
810 3030 886 3079 non
904 3004 1038 3103 potuit.
1056 3002 1174 3075 Dabat
1190 3002 1324 3101 quippe
1342 3003 1461 3073 consi·

391 3116 478 3191 lium
490 3119 590 3217 quod
603 3145 676 3195 non
687 3122 1012 3220 essentpraecipites
1022 3117 1070 3192 ad
1086 3117 1462 3192 invadendumhostee

394 3250 429 3307 et
451 3236 715 3311 conserendum
733 3262 890 3339 pugnam
908 3262 994 3311 cum
1014 3236 1119 3335 ipsis,
1140 3235 1205 3333 qui
1222 3249 1338 3310 caetra
1356 3234 1462 3317 valde

394 3354 532 3425 munita
549 3352 733 3429 habebant
749 3378 832 3427 cum
848 3351 1081 3451 praerogativa
1098 3350 1170 3422 loci
1188 3353 1225 3421 in
1241 3374 1316 3447 quo
1332 3374 1374 3421 ea
1390 3350 1462 3421 col-

394 3466 617 3563 locaverant,
646 3470 818 3568 quodque
842 3468 936 3541 duos
957 3480 1021 3541 aut
1044 3480 1115 3537 trec
1138 3463 1214 3537 dies
1230 3489 1461 3559 congressum

395 3582 597 3675 differrent,
624 3600 661 3661 et
685 3610 760 3659 nou
788 3583 915 3685 procul
934 3582 983 3655 ab
1002 3581 1054 3655 eia
1074 3595 1189 3654 castra
1213 3592 1459 3672 metarentur,

396 3724 479 3773 cum
493 3702 590 3775 euim
604 3726 625 3775 e
641 3701 774 3801 patria,
788 3722 868 3799 quae
884 3700 935 3773 eis
950 3698 1117 3800 parebat,
1136 3695 1283 3769 abunde
1299 3695 1464 3795 provide·

397 3832 494 3892 retur
506 3816 553 3891 de
564 3842 712 3891 annona
721 3818 928 3916 caeterisque
944 3814 1151 3889 necessariis
1164 3812 1273 3887 rebus
1284 3835 1351 3884 suo
1367 3836 1463 3885 exer·

397 3934 506 4027 citui,
543 3933 665 4009 hostes
691 3958 800 4027 veru,
840 3932 972 4033 quibus
1005 3931 1129 4005 omnia
1161 3944 1263 4005 erant
1296 3928 1459 4020 inimica,

398 4052 562 4123 omnium
586 4076 708 4127 rerum
730 4064 850 4125 essent
869 4050 1011 4149 passuri
1040 4050 1077 4121 in
1101 4049 1224 4148 paucis
1247 4038 1376 4119 diebus
1398 4068 1462 4143 pe·

399 4168 539 4239 nuriam
565 4168 663 4241 etad
690 4168 842 4241 alterum
860 4168 905 4240 de
929 4164 1074 4240 duobus
1095 4178 1322 4259 urgerentur,
1347 4160 1464 4235 velut

398 4280 618 4355 deditionem
636 4282 793 4356 tacerent
809 4297 844 4355 et
862 4282 1043 4381 supplices
1057 4304 1184 4380 pacem
1202 4290 1387 4375 rogarent,
1406 4274 1463 4348 vel

399 4411 456 4489 ut,
475 4398 620 4473 dimisso
643 4399 725 4473 loco
747 4414 783 4473 et
799 4398 939 4491 castris,
964 4398 1002 4469 in
1023 4395 1227 4497 patentibus
1242 4394 1378 4494 campis
1394 4418 1461 4465 co-

399 4514 494 4613 piam
521 4514 724 4615 pugnandi,
751 4514 888 4586 seclusa
912 4512 984 4585 loci
1018 4511 1269 4611 praerogativa,
1297 4507 1463 4581 hostibus

399 4630 528 4706 darent
546 4660 557 4725 ς
581 4631 618 4705 in
636 4652 709 4729 qua
719 4654 840 4731 pugna
855 4644 891 4703 et
907 4628 1120 4720 certamine,
1137 4624 1374 4699 verisimiliter
1389 4623 1463 4699 ouis
