3892 5892
545 928 604 992 254
830 931 1086 993 HISTOEIERUM
1103 933 1243 990 CAROU
1261 929 1315 990 Vll

544 1073 636 1130 trem
656 1060 764 1130 etiam
781 1082 921 1147 sunm,
947 1057 1131 1130 comitem.
1150 1055 1281 1152 Derdy,
1305 1057 1482 1128 Henricus
1515 1059 1625 1128 len-

544 1174 713 1263 castriae,
743 1174 807 1272 qui
840 1173 1097 1246 Normanniam
1140 1172 1380 1270 conquisierat
1422 1183 1533 1267 atque
1578 1172 1622 1242 in

537 1289 693 1362 ¹Francia
716 1313 861 1386 guerras
886 1313 909 1361 a
936 1287 1042 1360 nobis
1076 1288 1239 1385 superius
1268 1285 1395 1358 relatas
1428 1285 1617 1374 duxerat,
1715 1313 1724 1326 ¹

545 1418 663 1478 morte
679 1405 860 1503 punierat,
876 1427 959 1475 cum
976 1428 996 1474 e
1014 1402 1133 1474 littore
1153 1400 1345 1500 anglicano
1367 1399 1517 1472 classem
1534 1399 1620 1471 sol-

546 1505 630 1591 vere
655 1532 713 1609 et,
741 1519 995 1590 Normanniam
1022 1541 1270 1615 aggressurus,
1295 1514 1444 1614 pelagus
1471 1515 1617 1589 intrare

545 1631 663 1704 vellet.
690 1635 778 1719 Quae
802 1655 859 1703 res
868 1653 896 1702 a
913 1629 1000 1702 dicti
1023 1628 1126 1703 ducis
1148 1629 1298 1702 Eboraci
1322 1628 1517 1719 memoria,
1542 1631 1616 1724 qui

546 1762 583 1820 et
608 1747 683 1846 ipse
708 1745 904 1818 Richardus
929 1745 1140 1835 vocabatur,
1161 1746 1309 1817 minime
1333 1743 1460 1843 procul
1490 1743 1614 1815 dubio

546 1861 770 1952 exciderant,
789 1877 898 1960 prout
919 1861 1061 1934 actitata
1077 1859 1356 1933 luculentissime
1372 1857 1611 1956 postmodum

547 1976 762 2050 indicarunt.

595 2093 752 2190 Contigit
766 2107 888 2166 autem
904 2117 946 2164 ea
963 2105 1192 2192 tempestate,
1219 2105 1259 2164 ut
1281 2115 1342 2163 rex
1363 2089 1493 2188 Angliae
1507 2093 1612 2161 ilen-

547 2201 641 2280 ricus
664 2235 827 2308 proceres
849 2225 886 2280 et
908 2222 1021 2282 status
1042 2209 1142 2307 regni
1164 2209 1241 2297 sui,
1271 2208 1315 2281 ad
1343 2201 1608 2306 parlamentum

547 2322 802 2397 celebrandum
816 2349 858 2396 ex
873 2349 999 2414 more,
1018 2324 1064 2395 ad
1080 2323 1200 2397 villam
1216 2305 1411 2422 quamdam
1428 2346 1608 2394 convoca-

548 2455 615 2513 ret.
636 2439 689 2512 td
711 2463 819 2538 quern
836 2439 980 2531 locum,
1009 2453 1140 2511 statuto
1167 2439 1250 2529 die,
1276 2463 1358 2511 curn
1383 2438 1607 2511 adventasset

548 2555 621 2628 dux
638 2556 893 2647 Summerseti,
913 2579 981 2628 nec
997 2553 1043 2626 de
1059 2553 1197 2626 insidiis
1213 2552 1314 2626 ducis
1332 2553 1482 2625 Eboraci
1501 2551 1607 2650 quid·

548 2695 657 2768 quam
680 2679 768 2743 'tunc
788 2671 1040 2770 suspicaretur,
1061 2668 1107 2741 ad
1127 2668 1294 2741 eumdem
1312 2669 1456 2755 locum,
1478 2667 1603 2740 eadem

548 2811 662 2884 prope
682 2784 796 2872 hora,
824 2785 970 2881 contigit
995 2798 1031 2856 et
1049 2783 1178 2856 ducem
1204 2783 1355 2856 Eboraci
1378 2807 1461 2854 cum
1485 2783 1605 2854 multis

548 2898 757 2972 satellitibus
773 2898 963 2997 applicare.
984 2897 1055 2984 Qui
1076 2897 1194 2969 statim
1214 2912 1253 2969 ut
1275 2893 1322 2972 ab
1343 2921 1437 2996 equo
1460 2897 1605 2969 descen-

502 3022 506 3033 '
548 3014 650 3086 derat
673 3036 758 3083 cum
777 3013 850 3104 suis
879 3012 915 3083 in
940 3011 1058 3111 platea
1085 3011 1249 3112 publica,
1269 3028 1306 3086 et
1325 3014 1375 3090 eis
1401 3014 1602 3098 nuntiatum

549 3141 640 3200 esset
661 3126 791 3198 ducem
813 3127 1045 3200 Summerseti
1062 3127 1249 3228 paululum
1273 3143 1356 3201 ante
1381 3125 1603 3202 descendisse

549 3256 586 3314 et
609 3240 793 3340 quoddam
814 3242 990 3314 introiisse
1008 3241 1224 3344 hospitium,
1245 3268 1330 3316 suos
1352 3240 1436 3316 illuc
1464 3243 1604 3314 mittens

549 3359 736 3452 satellites,
765 3341 1042 3460 ipsumfprope
1059 3361 1238 3436 caminam
1261 3361 1299 3430 in
1318 3383 1464 3433 mamno
1482 3358 1602 3432 sedeu-

551 3489 643 3568 tem,
667 3474 819 3549 interfici
846 3475 963 3549 lecit¹.
990 3478 1100 3574 Cujus
1125 3477 1176 3550 rei
1199 3474 1245 3550 ad
1268 3477 1463 3550 Henricum
1487 3497 1602 3572 regem

550 3617 695 3663 rumore
711 3590 830 3663 subito
840 3583 1091 3697 'perlatorum
1105 3594 1180 3691 ipse
1197 3617 1301 3664 suum
1319 3591 1514 3691 hospitium
1522 3615 1601 3664 cum

551 3705 734 3777 nonnullis
745 3706 901 3796 exiisset,
919 3707 1042 3802 sagitta
1055 3707 1092 3777 in
1105 3706 1199 3780 collo
1215 3714 1393 3806 trajectus,
1413 3731 1602 3805 quaesuper

551 3821 672 3920 ipsum
686 3823 833 3926 fortuito
850 3821 1049 3920 advolarat,
1067 3822 1213 3916 vulnus,
1233 3848 1307 3896 non
1325 3839 1443 3896 tamen
1462 3822 1599 3912 lethale,

550 3938 686 4037 accepit
698 3965 708 4027 ;
722 3952 758 4009 et
773 3937 835 4043 ita,
846 3935 965 4009 soluto
979 3938 1215 4036 parlamento,
1227 3939 1430 4014 londonias
1443 3963 1503 4014 rex
1516 3943 1599 4039 ipse,

551 4054 652 4150 quasi
675 4051 954 4151 quodammodo
978 4053 1045 4140 sub
1068 4077 1184 4134 mauu
1200 4069 1235 4128 et
1252 4056 1360 4130 tutela
1379 4055 1488 4154 ipsius
1506 4056 1601 4129 ducis

553 4169 702 4241 Eboraci
719 4170 877 4268 positus,
895 4177 1056 4244 reversus
1071 4183 1135 4242 est.

575 4401 578 4406 ,
593 4375 621 4429 l.
645 4377 684 4430 Le
699 4371 756 4431 duc
769 4371 807 4432 de
820 4376 965 4433 somerset
976 4372 1020 4431 sut
1036 4373 1083 4432 tud
1098 4369 1329 4449 esunt-athan,
1342 4375 1370 4434 le
1387 4376 1425 4433 22
1440 4373 1497 4433 mai
1515 4377 1600 4446 tata,

552 4473 600 4530 et,
620 4460 735 4528 suivant
752 4460 795 4521 les
812 4460 967 4523 historiens
986 4461 1114 4542 anglais,
1135 4461 1206 4522 dans
1224 4462 1275 4522 des
1289 4465 1497 4524 circumtances
1513 4475 1602 4522 touras

552 4549 717 4609 differentes
729 4548 765 4608 de
777 4550 864 4610 celles
877 4569 934 4629 que
947 4563 1084 4630 rapporte
1095 4549 1217 4612 'thomas
1226 4551 1310 4612 Basin
1321 4577 1330 4628 3
1341 4573 1392 4614 car
1403 4547 1424 4613 il
1437 4552 1531 4614 aurdt
1544 4552 1601 4632 peri

552 4657 589 4700 en
603 4636 759 4698 defendant
777 4637 805 4697 la
817 4637 886 4698 ville
898 4650 999 4699 corrue
1012 4639 1053 4698 les
1067 4639 1224 4701 Yorlistes.
