3892 5892
747 923 857 995 marn
878 919 1062 1012 oumrus.
1382 934 1440 1001 soa

385 1067 622 1164 magnamque
634 1051 705 1133 illic
720 1061 939 1133 lianoorum
951 1052 1140 1135 contluls'se
1153 1056 1415 1141 multitudinem
1429 1130 1438 1165 ,

383 1176 432 1250 ab
454 1176 516 1248 illo
537 1177 686 1248 natium
706 1185 960 1273 armorumque
982 1192 1155 1277 apparatu
1173 1188 1348 1255 cessatum
1365 1197 1438 1277 est3

383 1292 546 1391 eoquod
566 1306 736 1392 protunc,
761 1292 871 1364 totius
896 1292 966 1365 loci
991 1294 1190 1369 munitione
1217 1296 1253 1371 in
1281 1298 1440 1375 hostium

383 1418 596 1507 potestatem
610 1408 773 1498 redacta,
797 1426 916 1481 serum
937 1408 1060 1482 luisset
1081 1423 1117 1483 et
1135 1430 1438 1511 supervacaneum

383 1524 577 1597 retinenda
591 1522 824 1623 possessionis
840 1540 1023 1621 apponere
1040 1520 1259 1619 remedium,
1279 1526 1324 1601 de
1341 1524 1440 1631 [qua]

383 1640 626 1739 recuperanda
649 1640 787 1740 potius,
810 1640 841 1711 si
866 1637 1013 1712 facultas
1036 1642 1299 1739 permitteretur
1319 1640 1441 1743 (quod

383 1757 528 1857 quidem
540 1773 616 1830 non
634 1776 763 1857 parum
779 1752 985 1831 habiturum
1003 1772 1079 1831 erat
1093 1756 1358 1860 difficultatis),
1379 1778 1442 1837 eo-

382 1876 567 1974 gitandmu
583 1872 708 1947 tuerat.

431 1992 677 2062 adventarant·
694 1988 832 2061 circiter
855 1986 952 2061 illam
967 1986 1096 2063 horam
1114 1987 1160 2065 ad
1176 1992 1295 2093 ipsum
1311 1991 1440 2065 ducem

381 2104 633 2196 summerseti,
648 2102 838 2203 episcopus
864 2100 1064 2175 mioeensis
1081 2123 1164 2182 cum
1183 2102 1388 2180 abrincensi
1404 2116 1442 2180 et

382 2219 591 2291 lexoviensi
603 2222 631 2307 ¹,
651 2220 761 2317 gratia
775 2215 917 2293 concilii
932 2214 1157 2313 celebrandi,
1174 2222 1273 2319 juxta
1290 2224 1327 2296 id
1342 2220 1441 2325 quod

381 2334 432 2405 eis
449 2334 569 2432 priore
584 2334 644 2406 die
661 2333 774 2406 iuerat
790 2334 1007 2406 intimatum.
1025 2334 1195 2422 Quicum
1211 2338 1328 2435 ipsum
1345 2337 1442 2437 prin·

380 2440 498 2547 cipeto
508 2450 600 2522 adeo
613 2455 732 2521 mente
745 2463 1012 2521 consonatum
1023 2450 1290 2549 conspicerent,
1306 2470 1441 2551 oppor-

381 2579 468 2638 tune
483 2566 549 2638 sibi
577 2566 777 2655 siluerunt,
795 2577 837 2636 ut
855 2587 926 2637 sue
947 2562 1083 2661 ingenti
1106 2564 1278 2639 moestitiae
1295 2568 1440 2665 aliquod

321 2697 326 2709 ·
380 2678 654 2754 delinimentum
672 2682 905 2777 solamenque
927 2678 1033 2753 bonae
1058 2678 1152 2780 spei,
1179 2682 1276 2754 uelut
1292 2676 1439 2754 nemeis

381 2807 465 2865 uam
485 2792 621 2889 utilem,
639 2806 875 2894 apponerent.
887 2796 1053 2881 Quorum
1069 2792 1295 2867 sermonibus
1308 2801 1343 2866 et
1359 2790 1440 2867 dul·

379 2910 481 2982 cibus
495 2910 803 2984 exhortationibus
821 2909 943 2981 sanior
956 2906 1085 2981 mentis
1098 2906 1265 3000 allectus,
1284 2910 1359 3009 ipse
1372 2906 1440 2981 sibi

379 3025 614 3123 pollicebatur
647 3024 855 3123 hujusmodi
889 3044 1010 3097 amem
1037 3025 1214 3125 perditam
1243 3023 1335 3097 lulra
1365 3020 1440 3099 dies

381 3157 515 3237 paucos
535 3157 840 3241 recuperaturum.
868 3140 939 3211 Sed
963 3140 1125 3237 prolecto
1151 3160 1225 3214 non
1248 3150 1322 3215 tam
1339 3140 1440 3215 facile

381 3260 458 3327 erat
471 3252 719 3351 hujuscemodi
734 3252 1008 3351 implementum
1022 3252 1307 3353 pollicitationis,
1328 3274 1440 3353 quaub

381 3383 458 3454 tum
479 3370 546 3442 sibi
562 3364 679 3469 prima
704 3369 793 3440 facie
816 3366 1033 3439 videbatur:
1059 3384 1143 3439 nam
1169 3386 1237 3442 nec
1266 3368 1437 3469 usquein

382 3482 480 3556 buno
494 3485 592 3556 diem
606 3484 659 3555 rei
675 3479 848 3557 exhibitio
866 3494 1057 3553 consecuta
1074 3491 1140 3554 est.

429 3604 523 3675 Misit
532 3615 653 3675 eutem
665 3602 761 3673 idem
771 3599 846 3673 our
862 3599 982 3671 statim
995 3598 1087 3671 duos
1099 3598 1265 3671 heraldos
1281 3598 1440 3672 edilium

381 3719 558 3817 oppidum
593 3716 872 3809 Pontis-Archa,
900 3716 962 3813 qui
995 3714 1105 3789 duces
1131 3720 1351 3789 Francorum
1377 3718 1439 3813 qui

380 3834 452 3909 illic
467 3836 638 3931 aderant,
654 3856 811 3932 quomm
827 3832 995 3933 praecipui
1014 3830 1112 3905 luere
1129 3832 1298 3904 dominus
1316 3836 1439 3903 Petrus

380 3950 426 4023 de
444 3954 585 4049 Breues,
618 3952 680 4053 qui
702 3964 826 4053 postea
848 3947 913 4023 luit
937 3968 1088 4051 magnus
1110 3948 1322 4023 senescallus
1346 3952 1438 4020 Nor·

380 4073 553 4162 manniae,
595 4072 807 4171 Floquetus,
838 4068 992 4143 Jaoobns
1027 4070 1073 4141 de
1110 4070 1372 4141 Claro-Monte
1403 4078 1439 4137 ot
1577 4130 1582 4147 ,

381 4184 589 4261 Guillelmus
616 4188 663 4259 de
694 4188 850 4287 Br'gm‘,
880 4198 1117 4274 summouent,
1147 4184 1439 4281 requiretuntque

421 4408 451 4471 l.
473 4400 618 4484 L'ivique
636 4408 673 4467 de
688 4412 807 4486 uayeux
823 4408 891 4467 erait
908 4403 985 4467 alors
1006 4425 1046 4467 un
1064 4402 1165 4465 italien
1189 4403 1304 4465 nomme
1323 4402 1439 4467 Zenone

379 4498 418 4559 tiu
437 4494 629 4575 castiglioue3
650 4498 724 4556 celui
747 4493 944 4556 ‹i’Arrancbes
963 4492 1115 4577 s’appelait
1132 4494 1237 4555 ilartin
1260 4490 1381 4569 Pinard,
1410 4510 1439 4557 ct

379 4588 457 4649 enfin
469 4582 545 4647 celui
553 4583 590 4645 ‹le
599 4584 715 4644 lisieux
725 4584 924 4645 etuti'auteur
933 4584 1069 4643 memede
1077 4604 1110 4641 ce
1120 4579 1331 4655 ricitibomas
1341 4582 1436 4645 Basia.

420 4682 449 4738 2.
468 4678 524 4757 ily
537 4698 555 4737 a
568 4676 713 4756 plusieurs
724 4678 932 4739 inmeantes
945 4680 1017 4738 dens
1029 4676 1071 4739 les
1084 4678 1231 4739 nomades
1245 4696 1440 4761 personnages
