3892 5892
517 856 575 915 trs
801 844 1059 908 amouimus
1079 842 1215 903 cason
1236 844 1292 902 vn
1509 920 1512 924 Ι

516 935 591 1053 non
609 974 757 1074 quidem
777 972 826 1046 ad
843 972 1021 1072 supplicia
1038 968 1214 1065 legitime,
1235 946 1435 1040 secundum
1455 968 1577 1065 legum

516 1093 695 1183 institute,
712 1088 920 1181 euimunda,
938 1086 1003 1159 sod
1023 1107 1090 1183 pro
1108 1084 1187 1156 solo
1213 1087 1322 1173 nutu,
1343 1082 1442 1156 velut
1467 1106 1577 1183 motis

517 1206 726 1297 occisionis,
753 1186 821 1304 pro
842 1202 1117 1275 insolentissima
1138 1201 1346 1298 iniquorum
1367 1193 1574 1291 voluntate,

517 1321 790 1411 trucidandum,
808 1318 865 1391 vel
887 1318 1025 1416 patria,
1043 1316 1171 1410 bonis,
1197 1328 1290 1389 statu
1314 1330 1422 1414 atque
1437 1316 1577 1391 honore

432 1470 447 1478 -
517 1438 734 1539 privandum
749 1451 785 1509 et
796 1432 1054 1533 spoliandum?
1073 1436 1201 1503 Amant
1217 1434 1459 1521 'enimomnes
1474 1446 1577 1505 natu·

517 1556 636 1629 raliter
652 1554 874 1641 libertatem,
893 1549 1088 1647 innataque
1109 1562 1162 1621 est
1180 1549 1310 1621 nostris
1327 1549 1455 1650 animis
1471 1570 1577 1647 appe·

518 1670 597 1743 titio
613 1669 689 1764 ojus
704 1696 714 1741 z
731 1667 783 1739 ita
799 1680 851 1757 ut,
871 1665 1044 1736 Cicerone
1056 1677 1156 1755 teste,
1176 1686 1196 1732 u
1214 1662 1351 1736 nemini
1363 1684 1490 1761 parcre
1503 1664 1578 1735 ani·

518 1784 600 1857 mus
616 1782 709 1855 bene
729 1781 941 1853 informatus
958 1802 984 1851 s
1003 1792 1131 1851 natura
1148 1779 1255 1868 velit,
1276 1763 1345 1851 nisi
1361 1762 1577 1877 praecipienti

517 1911 579 1973 aut
593 1896 753 1983 docenti,
770 1910 833 1969 aut
846 1893 1005 1967 utilitatis
1017 1914 1125 1965 causa
1133 1892 1281 1989 juste-et
1292 1892 1451 1989 legitime
1464 1894 1578 1991 impe-

518 2012 623 2088 ranti.
645 2040 664 2077 e
682 2010 994 2109 Nimiumquippe·
1007 2004 1165 2081 tumidus
1177 2020 1233 2109 est
1249 2030 1291 2081 ac
1307 2007 1501 2107 superbus,
1517 2010 1577 2106 qui

514 2125 608 2222 juste
624 2149 667 2199 ac
682 2125 838 2221 legitime
854 2123 1014 2197 utilitatis
1029 2114 1137 2197 causa
1153 2124 1345 2221 imperanti
1368 2122 1495 2220 subjici
1518 2146 1579 2196 re·

517 2255 630 2332 cusat,
641 2266 726 2315 cum
739 2243 812 2331 tali,
827 2256 865 2315 et
878 2241 1010 2313 divinis
1024 2255 1060 2313 et
1074 2240 1241 2312 humanis
1256 2238 1406 2337 legibus,
1420 2264 1463 2313 nc
1477 2255 1580 2313 recte

405 2345 414 2363 '
517 2358 703 2433 dictamini
724 2358 873 2430 radonis
893 2355 1069 2453 subjectio
1086 2370 1126 2431 et
1141 2354 1349 2428 obedientia
1365 2353 1577 2463 debeantur.

518 2478 564 2546 Et
578 2498 679 2564 vero,
696 2473 756 2545 cui
771 2497 848 2545 non
863 2470 1016 2569 publice
1031 2471 1193 2543 utilitatis
1206 2491 1325 2559 csuss,
1343 2469 1408 2543 sed
1425 2470 1580 2543 adeolss

519 2588 713 2687 explendas
743 2587 912 2683 libidines
931 2585 1259 2683 maturandisque
1287 2584 1581 2687 ambitionemet

519 2707 717 2800 evanidam,
728 2726 855 2777 omnes
865 2704 906 2775 in
914 2703 1123 2804 servitutem
1131 2702 1306 2800 redigere,
1315 2704 1351 2775 vi
1362 2716 1470 2801 atque
1482 2718 1581 2777 metu

520 2822 693 2897 serviliter
714 2818 936 2917 opprimere,
958 2816 1176 2921 sitbstanties
1203 2827 1349 2917 rapere,
1379 2820 1494 2917 patria
1521 2842 1580 2892 ex·

520 2950 635 3009 sortes
661 2935 794 3023 lacem,
816 2956 885 3029 pro
905 2931 985 3005 solo
1008 2936 1126 3023 metu,
1151 2930 1287 3030 absque
1309 2933 1429 3029 legum
1455 2933 1582 3007 ordine

521 3050 643 3147 gestit,
658 3072 767 3144 nemo
783 3040 951 3119 lubenter
965 3070 1008 3121 ac
1026 3046 1244 3143 gratulanter
1259 3044 1420 3147 parebit,
1438 3045 1507 3121 nisi
1519 3050 1581 3147 qui

520 3163 832 3263 insipientissimus
846 3176 950 3235 estet
965 3177 1041 3235 tam
1057 3162 1215 3262 depressi
1231 3147 1438 3261 seruilisque
1454 3165 1579 3255 animi,

522 3293 565 3351 ut
578 3278 667 3351 nihil
690 3302 713 3350 a
733 3278 904 3351 vilisnmo
921 3276 1030 3351 distet
1051 3280 1246 3378 mancipio.
1269 3278 1440 3352 Praeclare
1461 3280 1581 3379 itaquo

522 3395 649 3467 Cicero
664 3394 781 3492 inquit
803 3395 888 3491 quis
899 3418 931 3461 s
945 3393 1060 3469 malus
1077 3410 1164 3480 ests
1184 3395 1223 3467 in
1246 3395 1407 3493 imperiis
1426 3422 1444 3465 r
1463 3412 1581 3474 custos

441 3532 446 3540 ’
524 3511 764 3598 diuturnitatis
790 3526 932 3602 metus,
957 3524 1160 3608 conosque
1188 3510 1441 3596 benevolentia
1467 3512 1599 3586 fidelis

524 3624 669 3725 [vel]ad
681 3627 955 3725 perpetuitatem
968 3651 1008 3716 ’³3
1019 3648 1111 3723 quea,
1122 3628 1250 3725 procul
1261 3626 1388 3719 dubio,
1401 3622 1499 3700 nulia
1513 3650 1580 3701 no·

522 3741 580 3822 bis
595 3741 643 3815 sd
660 3762 723 3814 cos
738 3764 816 3813 esse
832 3755 971 3838 potest,
988 3742 1055 3837 qui·
1066 3761 1135 3813 nos
1152 3742 1208 3835 vi,
1228 3758 1326 3815 metu
1343 3757 1380 3814 et
1393 3744 1580 3817 calumniis

523 3858 787 3956 opprimentes,
804 3880 952 3932 omnem
967 3856 1075 3963 nobis
1090 3857 1255 3931 adimunt
1270 3858 1486 3956 libertatem,
1501 3879 1582 3961 que

523 3974 630 4047 nobis
644 3998 722 4046 non
737 3972 997 4064 manichaea,
1015 3974 1045 4045 s'i
1061 3974 1129 4045 viri
1149 3974 1259 4068 boni,
1279 3978 1308 4048 si
1326 3979 1503 4076 sapientes
1521 4002 1580 4053 su·

522 4114 618 4179 mus,
635 4089 839 4186 quamipsa
854 4089 927 4160 vita
942 4087 1052 4161 debet
1067 4088 1245 4163 exsistere.
1263 4093 1336 4164 Etsi
1352 4094 1449 4165 enim
1460 4089 1582 4167 divina

523 4204 633 4277 nobis
647 4205 800 4303 imperet
818 4204 1011 4276 auctoritas
1021 4218 1074 4277 rut
1089 4204 1330 4303 principibus,
1348 4222 1424 4279 non
1441 4222 1582 4281 tantum

523 4319 630 4427 bonis
645 4344 687 4393 sc
705 4318 898 4410 modestis,
916 4318 1109 4393 sedetiam
1130 4320 1287 4419 dyscolis
1311 4318 1444 4397 subditi
1471 4327 1582 4399 simus

522 4458 587 4506 seu
603 4432 767 4531 subjecti,
786 4458 864 4507 non
879 4446 1007 4507 umen.
1018 4448 1058 4507 ut
1073 4434 1179 4527 servi,
1191 4424 1276 4509 cum
1290 4438 1479 4538 Apostolus
1490 4460 1580 4539 pree·

523 4546 632 4647 epist
647 4575 656 4619 t
677 4578 696 4621 s
715 4547 834 4623 Nolite
849 4546 1052 4625 effioiservi
1063 4548 1272 4657 hominurn,
1287 4578 1307 4623 u
1324 4554 1478 4649 etitem,
1495 4572 1579 4639 oum
