3892 5892
626 907 645 918 “·
726 897 836 958 matt
854 895 1028 968 domtus.
1347 899 1403 961 307

342 1021 489 1100 ,dicturo
504 1021 596 1120 regis
610 1018 728 1098 lilium
743 1045 820 1101 nou
840 1022 976 1120 ingrate
1001 1018 1146 1096 fovebat
1164 1035 1201 1096 et
1221 1021 1402 1118 servabat,

352 1161 428 1214 oon
459 1137 560 1214 facile
588 1152 757 1236 reputans
787 1158 929 1235 segem,
966 1135 1141 1234 quamdiu
1167 1135 1227 1212 tali
1256 1139 1406 1237 pignore

352 1253 445 1328 foret
470 1254 645 1345 munitus,
667 1251 805 1329 bollum
835 1267 961 1328 contra
989 1277 1027 1329 sa
1058 1251 1229 1327 inchoare
1250 1254 1404 1346 audere,

166 1346 170 1356 ¹
201 1425 206 1432 -
353 1384 572 1446 metuentem
609 1369 706 1468 (nou
732 1368 797 1444 abs
813 1369 878 1466 re)
898 1394 967 1462 ne,
1002 1366 1063 1442 ubi
1096 1366 1167 1442 hoc
1195 1383 1404 1465 attentaret,

352 1509 484 1584 magna
512 1507 595 1585 pars
611 1483 747 1563 drrcuru
760 1499 801 1559 et
815 1483 970 1560 militum
987 1509 1137 1560 suorum
1152 1483 1198 1562 ad
1214 1483 1327 1562 filium
1349 1487 1409 1562 de·

352 1598 485 1676 ficeret.

403 1722 451 1791 Ut
464 1731 585 1801 autom
601 1733 776 1796 armaum
790 1714 948 1794 validam
971 1741 1035 1792 rer
1047 1716 1098 1798 ad
1118 1716 1290 1796 auxilium
1314 1723 1410 1796 ilen-

353 1839 418 1912 rici
433 1840 593 1937 ejusdem
607 1841 748 1914 mittere
764 1852 904 1940 posset,
927 1863 971 1912 ex
986 1839 1156 1938 Hispania
1170 1853 1254 1914 octo
1266 1840 1342 1936 jam
1354 1841 1411 1915 vel

353 1955 481 2030 decem
503 1980 614 2030 nares
641 1954 822 2064 onprarias
837 1953 1008 2028 maximas
1031 1955 1069 2026 in
1085 1957 1218 2030 ostium
1241 1958 1412 2054 Sequana

353 2071 485 2150 adduci
497 2071 642 2164 fecerat,
655 2072 805 2149 classem
814 2070 1069 2170 undecumque
1083 2096 1274 2172 aggregare
1284 2074 1322 2148 in
1336 2073 1413 2148 dies

353 2203 535 2286 satagens,
563 2203 603 2262 ut
627 2189 751 2288 (quod
774 2189 853 2289 ipse
874 2187 1029 2260 maxime
1055 2185 1196 2260 efficere
1223 2189 1414 2288 cupiebat)

353 2303 473 2380 eidem
487 2328 555 2380 suo
569 2306 694 2404 nepoti
708 2303 892 2379 auxiliaria
907 2303 1034 2378 solatia
1046 2302 1255 2403 impartiret.

678 2664 682 2675 1
709 2568 963 2642 cantantum
987 2570 1062 2639 xx.

408 2747 729 2822 mediolanensium,
741 2762 768 2811 rt
779 2749 917 2828 quomodo
928 2749 1025 2820 Frapci
1035 2747 1179 2812 infeliciter
1190 2765 1251 2809 otuu
1263 2745 1362 2810 eisdem

785 2853 981 2916 pugnaverunt.

403 2995 516 3076 Porro
542 3007 579 3068 et
603 2992 738 3076 eudem
768 2989 994 3091 temporibus
1022 2990 1159 3088 regium
1184 2987 1302 3070 Caroli
1325 2989 1417 3088 regis

354 3108 517 3183 animum
539 3123 756 3208 occupatum
775 3121 969 3204 utcumque
992 3105 1176 3178 detinebat
1190 3103 1342 3180 desectio
1360 3109 1418 3184 la·

354 3221 563 3299 nuensium.
579 3227 668 3296 llam
682 3246 765 3300 cum
783 3222 892 3294 unius
906 3219 1017 3318 partis
1027 3220 1161 3292 civium
1175 3219 1328 3296 factione
1342 3245 1419 3296 sese

354 3339 452 3434 regi,
482 3362 546 3437 per
569 3338 708 3435 aliquot
730 3350 812 3412 ante
836 3359 970 3426 annos,
996 3332 1257 3408 subdidissent¹
1283 3335 1418 3430 atejus

353 3452 557 3553 paruissent
571 3451 742 3550 imperio,
762 3449 914 3548 contigit
929 3462 969 3523 ut
986 3446 1084 3531 idem
1099 3471 1182 3538 rex,
1200 3447 1263 3544 qui
1279 3447 1350 3525 illic
1368 3447 1417 3522 ob

355 3565 506 3652 tutelam
534 3567 685 3642 civitatis
713 3580 821 3666 atque
844 3564 998 3643 dominii
1024 3563 1081 3648 sui
1106 3575 1244 3646 certum
1265 3561 1417 3641 rnilitum

357 3707 549 3761 numerum
570 3683 770 3773 locaverat,
787 3680 939 3779 vectigal
955 3677 1142 3780 quoddam
1158 3703 1221 3755 seu
1245 3678 1417 3764 tributum

357 3801 405 3879 ad
431 3799 609 3901 stipendia
637 3801 723 3900 ipsis
751 3798 913 3873 iacienda
940 3795 1113 3873 militibus
1144 3797 1181 3870 in
1213 3795 1354 3873 civitate
1383 3810 1419 3880 et

356 3917 542 4015 adiacente
570 3917 685 4018 patria
713 3913 955 4012 colligendum
978 3937 1001 3992 a
1029 3911 1166 3989 civibus
1196 3926 1416 4010 exposceret.

359 4035 468 4122 Quod
497 4059 582 4108 cum
609 4057 701 4130 aegre
723 4033 819 4106 cives
849 4031 1004 4122 ferrent,
1030 4028 1128 4107 illico
1150 4042 1191 4107 ut
1214 4053 1279 4128 per
1303 4029 1419 4126 regios

359 4151 642 4243 commissarios,
671 4148 735 4247 qui
759 4147 808 4225 ad
830 4147 1049 4231 audiendam
1078 4145 1171 4242 regis
1197 4143 1418 4220 voluntatem

359 4265 510 4344 civitatis
522 4265 698 4366 populum
710 4278 966 4356 convocarant,
979 4261 1025 4341 de
1039 4258 1248 4357 hujusmodi
1259 4259 1421 4358 vectigali

359 4405 424 4460 sou
439 4380 573 4461 tributo
587 4380 811 4484 imponendo
827 4379 987 4481 perorari
1004 4401 1126 4452 orsum
1141 4391 1210 4468 est,
1232 4375 1422 4450 frementes

403 4648 432 4704 1.
453 4641 551 4703 Paria
565 4639 672 4700 fection
685 4637 737 4700 des
749 4637 886 4718 Pregosi,
902 4657 941 4696 au
953 4635 1028 4698 mois
1041 4635 1079 4698 de
1094 4637 1152 4699 mai
1168 4641 1257 4700 ttttt.
