3892 5892
500 896 538 954 90
786 894 1044 957 HISTORIARUM
1063 895 1202 957 CAROH
1221 898 1274 954 vn
1366 922 1371 930 ·

824 1158 1080 1270 clruuuuu
1101 1147 1228 1271 xviii.

552 1399 673 1468 Qualiter
685 1400 817 1456 Henricnc
827 1402 931 1475 juvenis
944 1404 1113 1475 ,Anglornm
1124 1422 1186 1472 rex,
1200 1402 1250 1457 tuit
1264 1401 1372 1475 Parisiis
1383 1399 1412 1457 in
1422 1422 1512 1479 regern

866 1491 1034 1547 Francorum
1045 1504 1199 1548 coronatus.

550 1640 790 1716 Postmodum
805 1662 911 1731 vero,
932 1665 1016 1714 curn
1029 1643 1170 1739 'Anglici
1186 1642 1431 1717 desiderarent
1445 1668 1564 1742 regem

501 1740 610 1834 snum
626 1760 823 1831 Henricum
836 1760 1027 1856 juvenem,
1040 1762 1116 1857 qui,
1135 1774 1175 1831 ut
1187 1759 1354 1850 diximus,
1374 1760 1566 1833 Rothoma·

502 1900 587 1975 gum
604 1900 646 1947 ex
666 1873 788 1969 Anglia
804 1872 919 1946 suerat
937 1872 1126 1968 adductus,
1145 1876 1182 1947 in
1199 1881 1421 1948 Francorum
1445 1900 1565 1972 regem

504 1986 619 2065 lacere
647 1991 834 2081 coronari,
869 2016 913 2063 ex
937 1990 1162 2096 Rothomago
1187 2018 1272 2064 eum
1301 1991 1454 2065 Parisios
1482 2017 1565 2064 cum

501 2134 633 2209 magno
653 2109 828 2205 comitatu
844 2108 1040 2183 adventare
1062 2108 1243 2203 fecerunt3
1262 2107 1325 2181 ubi
1346 2134 1432 2181 cum
1453 2110 1565 2182 multa

502 2228 726 2301 solemnitate
752 2241 787 2299 et
809 2250 945 2326 pompa
970 2226 1102 2298 exstitit
1128 2239 1321 2299 coronatus
1337 2228 1363 2319 ¹,
1392 2228 1456 2301 sed
1491 2251 1564 2298 non

501 2345 611 2443 longo
626 2357 708 2443 post
724 2343 906 2443 tempore,
924 2342 1014 2415 urbe
1034 2344 1109 2443 ipsa
1127 2345 1223 2441 regia
1239 2369 1424 2443 regnoque
1440 2358 1566 2417 exutus

502 2484 544 2535 ac
562 2462 748 2562 spoliatus,
772 2460 1082 2559 quemadmodum
1102 2485 1168 2533 suo
1191 2460 1319 2535 ordine
1336 2443 1462 2562 postea
1478 2461 1568 2535 rele-

502 2603 637 2654 remus.

849 2787 1104 2859 CAPITULUM
1128 2789 1220 2857 xlx.

502 2991 605 3046 Bellum
616 2990 644 3045 in
657 2988 827 3063 lotharingia
836 2989 905 3047 iu'ter
917 2992 1069 3062 llcnatutu,
1084 2990 1181 3048 ducent
1195 2992 1393 3068 lotharingia,
1405 3005 1432 3049 et
1442 2995 1566 3053 comitem

909 3082 1153 3137 Vallia-Montium.

551 3236 629 3306 Fuit
647 3234 773 3309 iisdem
791 3236 1016 3337 temporibus
1034 3239 1071 3309 in
1088 3236 1317 3334 Lotbaringia
1333 3237 1468 3310 bellum
1483 3240 1566 3323 satis

503 3349 674 3424 acerbum
693 3352 785 3425 inter
801 3378 922 3450 regem
934 3353 1079 3447 Sicilia,
1094 3356 1281 3445 Renatum,
1300 3348 1432 3425 dudem
1450 3353 1568 3426 Ande·

502 3468 612 3564 gaviae
637 3484 673 3541 et
698 3474 926 3561 Barrensem‚
957 3485 994 3543 et
1017 3470 1187 3543 comitem
1213 3467 1259 3541 de
1284 3455 1567 3542 vallibus'uon.

502 3586 616 3673 tium,
633 3586 823 3683 vulgariter
842 3586 981 3658 dictum
998 3584 1041 3657 de
1060 3584 1328 3677 Vaudezmons,
1347 3611 1415 3684 pro
1434 3586 1565 3659 ducatu

503 3702 750 3799 Lotharingiae,
769 3728 877 3801 quem
900 3701 947 3774 ad
966 3726 1005 3775 se
1021 3704 1268 3801 unusquisque
1283 3705 1462 3804 pertinere
1478 3728 1567 3777 con·

502 3818 711 3892 tendebat¹:
732 3820 922 3891 occasione
936 3819 1039 3915 cujus
1052 3821 1307 3911 contentionis,
1324 3820 1370 3893 ad
1382 3835 1568 3893 cruentam

502 3936 585 4009 satis
600 3948 814 4035 perventum
828 3935 957 4007 exstitit
973 3959 1144 4033 pugnam.
1164 3935 1325 4010 Habebat
1340 3962 1462 4009 comes
1474 3937 1569 4009 auri·

502 4052 550 4124 lia
568 4051 883 4151 Burgundionum,
907 4076 1064 4151 quorum
1086 4053 1261 4126 exercitus
1275 4076 1352 4126 non
1370 4052 1463 4129 ultra
1478 4076 1567 4152 qua·

543 4280 573 4335 1.
596 4280 622 4337 Α
635 4282 843 4352 Notre·Dame,
858 4276 886 4337 le
898 4281 936 4339 16
950 4276 1104 4337 decembre
1117 4281 1207 4337 1131.

544 4368 573 4425 2.
597 4366 765 4426 Antoincde
778 4367 927 4439 Lorraine,
943 4380 1037 4427 comte
1046 4366 1084 4427 de
1093 4367 1288 4444 Vaudemout,
1298 4367 1462 4450 pretendait
1474 4367 1568 4449 qnela

503 4459 643 4519 lorraine
656 4462 756 4519 n’etait
768 4480 819 4541 pas
838 4480 878 4520 un
901 4462 953 4521 fiel
969 4460 1089 4521 ie'minin
1105 4474 1134 4521 et
1151 4480 1210 4540 que
1224 4482 1278 4542 par
1290 4450 1469 4543 consequent
1488 4462 1567 4523 Rene'

504 4547 631 4621 d’Anjou
643 4550 752 4608 n'avait
761 4570 800 4629 pu
813 4571 834 4628 y
849 4550 970 4610 acceder
985 4570 1099 4630 parson
1112 4551 1240 4631 mariage
1254 4573 1325 4613 avec
1337 4554 1365 4614 la
1378 4552 1489 4613 lilledo
1501 4553 1568 4613 der·

503 4636 568 4697 nier
581 4636 637 4695 duc
652 4636 762 4697 desunt.
