3892 5892
737 912 848 971 Lim
867 912 1071 973 SECUNDUS.
1397 916 1437 975 99

374 1043 457 1127 Quo
483 1037 574 1114 sacto
602 1038 699 1137 pacis
724 1035 858 1111 toedera
889 1060 1057 1135 percussa
1079 1052 1179 1128 sunt,
1209 1042 1439 1114 sacramentis

375 1152 515 1228 firmata
539 1168 575 1227 et
597 1154 776 1227 dictorum
800 1152 1000 1252 legatorum
1024 1153 1235 1227 auctoritate
1254 1157 1388 1229 sancita
1403 1172 1439 1228 et

375 1269 563 1365 roborata,
588 1269 782 1368 Anglorum
803 1266 926 1369 legatis
945 1270 1023 1343 sine
1044 1266 1167 1366 aliquo
1190 1270 1328 1363 sructu,
1353 1298 1437 1345 cum

375 1409 439 1459 sua
450 1402 571 1460 vetere
587 1385 635 1460 ad
650 1392 806 1459 Francos
822 1384 967 1484 querela
989 1399 1098 1485 atque
1114 1385 1313 1473 inimicitia,
1334 1388 1439 1459 simul

374 1515 410 1573 et
434 1498 520 1574 odio
554 1501 601 1573 ad
635 1500 908 1597 Burgundiones
942 1499 991 1573 ob
1026 1500 1276 1597 hujuscemodi
1305 1502 1438 1575 soedera

375 1618 527 1716 graviter
543 1641 712 1711 accenso,
731 1616 779 1691 ad
793 1618 943 1717 propria
958 1616 1205 1691 redeuntibus.

422 1733 571 1806 Habitus
598 1748 719 1807 autem
743 1732 808 1805 suit
834 1733 1087 1831 hujuscemodi
1108 1736 1208 1835 pacis
1240 1751 1439 1809 conventus

375 1864 615 1951 tractatusque
638 1848 735 1949 apud
756 1848 983 1945 Atrebatum,
1004 1864 1044 1923 ut
1061 1851 1314 1950 praemisimus,
1340 1874 1439 1926 anno

374 1966 521 2040 Domini
558 1992 796 2055 uccocxxxv„
823 1964 1004 2041 mensibus
1031 1970 1170 2065 augusti
1204 1994 1246 2043 ac
1278 1984 1439 2070 septem-

374 2084 449 2157 bris
459 2087 480 2153 ¹.
503 2088 542 2156 tn
564 2108 660 2181 quo,
679 2108 725 2157 ne
748 2084 785 2156 in
809 2084 958 2157 nimiam
975 2084 1098 2157 effluat
1113 2086 1372 2184 prolixitatem,
1395 2088 1438 2159 li·

374 2198 480 2273 brum
494 2199 717 2291 claudemus,
738 2224 819 2297 quae
829 2199 985 2274 subinde
997 2212 1118 2275 secuta
1128 2216 1214 2275 sunt
1231 2200 1278 2275 ab
1296 2203 1440 2277 alterius

376 2316 525 2391 exordio
542 2330 812 2416 prosequentes.

416 2546 445 2601 t.
468 2542 511 2603 Gi.
528 2540 556 2601 le
566 2544 690 2601 Journal
698 2544 736 2599 de
749 2546 859 2619 lupata:
866 2540 1002 2614 Mnus,
1013 2542 1104 2619 [aitte
1114 2562 1149 2601 eu
1158 2542 1439 2616 nathanaetem·

379 2632 478 2705 Vaast,
496 2645 576 2689 entre
595 2632 710 2691 etiarm
727 2636 788 2690 VII
806 2646 834 2689 et
856 2632 995 2709 Philr'ppe
1008 2635 1034 2688 le
1046 2634 1125 2705 Bon,
1143 2632 1279 2707 recueiliy
1295 2653 1357 2710 par
1369 2631 1437 2693 dom

375 2719 501 2779 Antoine
515 2718 551 2778 de
564 2723 707 2793 Taverne,
728 2726 782 2777 mis
797 2741 832 2778 en
850 2720 970 2777 Iumie're
982 2732 1013 2778 et
1025 2720 1142 2797 enrtcty
1159 2720 1369 2779 d’annotations
1381 2744 1441 2799 par

376 2812 448 2872 Jetn
459 2808 577 2869 Colitrt.
592 2810 841 2886 parternum,
854 2810 949 2884 totu
965 2808 1067 2870 itt-12.

707 3478 838 3521 mucii*
857 3475 1001 3520 11Μῦΰῦ
1014 3476 1109 3517 Hm.
