3892 5892
739 883 1051 975 nunnonsnms.
1361 886 1420 944 aas

365 1007 566 1107 piearetur,
598 1003 836 1083 considerans·
862 996 1060 1105 prudenter
1092 1018 1198 1103 atque
1232 1004 1422 1079 intendens

366 1123 563 1222 anglorum
582 1121 781 1222 praecipuos
807 1104 1011 1195 duces'illic
1035 1120 1158 1195 adesse
1181 1146 1264 1193 cum
1286 1124 1422 1220 maguis

366 1237 576 1315 militaribus
591 1238 717 1338 copiis,
736 1237 842 1310 simul
859 1238 966 1311 etiam
982 1237 1130 1312 eosdem
1146 1236 1217 1311 illic
1231 1261 1329 1311 arces
1345 1240 1422 1339 plu·

366 1382 422 1431 res
445 1355 663 1429 firmissimas
684 1366 721 1429 et
739 1353 993 1429 munitissimas
1018 1378 1215 1454 occupare,
1237 1368 1356 1431 tamen
1381 1379 1421 1427 er

365 1474 541 1563 sententia
556 1486 592 1545 et
607 1469 865 1545 deliberatione
879 1468 1013 1543 ducum
1027 1495 1189 1565 suorum,
1203 1494 1250 1545 ne
1265 1471 1302 1542 in
1319 1484 1423 1543 antea

366 1590 460 1663 cives
485 1587 579 1662 illius
604 1586 676 1659 loci
695 1586 832 1659 causari
848 1602 1013 1688 possent,
1034 1612 1110 1660 non
1132 1610 1196 1661 sua
1218 1585 1342 1686 culpa,
1360 1586 1423 1661 sed

365 1704 484 1804 potius
498 1703 609 1801 regis,
628 1717 663 1777 et
679 1726 828 1777 suorum
844 1702 1057 1801 negligentia
1073 1718 1108 1777 et
1126 1704 1267 1801 ignavia
1288 1705 1424 1778 stetisse

366 1821 465 1920 quod
479 1820 547 1895 sub
566 1821 642 1919 ejus
658 1820 833 1896 ditionem
849 1845 923 1895 non
945 1821 1122 1896 venissent
1131 1876 1143 1915 ,
1161 1835 1296 1897 tentare
1314 1836 1350 1895 et
1365 1848 1424 1895 ea·

364 1938 475 2037 periri
500 1935 657 2011 decrevit
682 1936 713 2009 si
743 1934 804 2008 illa
833 1936 891 2009 via
915 1950 1037 2037 posset
1066 1936 1136 2011 sibi
1162 1937 1290 2013 urbem
1328 1936 1425 2011 illam

365 2052 649 2151 potentissimam
665 2050 861 2149 acquirere.

414 2167 570 2242 admoto
588 2168 706 2265 itaque
717 2167 871 2240 exercitu
882 2166 984 2263 juata
1000 2167 1131 2241 moenia
1148 2170 1264 2263 urbis,
1282 2170 1329 2244 ad
1344 2196 1424 2271 par·

367 2296 438 2355 tem
467 2279 565 2353 illam
588 2277 652 2352 ubi
679 2279 927 2353 existimabant
961 2296 1126 2355 auctores
1151 2283 1425 2382 conspirationis

364 2422 433 2496 pro
455 2420 644 2469 murorum
669 2396 832 2471 custodia
856 2382 1017 2491 adstare,
1045 2398 1208 2487 alacriter
1232 2399 1425 2475 insilientes

365 2512 494 2585 milites
517 2512 556 2585 in
574 2510 708 2585 vallum
723 2526 759 2586 et
774 2510 822 2585 ad
836 2512 967 2613 pedem
984 2516 1077 2585 muri
1102 2514 1346 2607 incurrentes,
1364 2516 1425 2589 alii

365 2652 430 2727 per
446 2626 558 2703 scalas
578 2626 843 2719 conscendere,
869 2628 929 2703 alii
953 2630 1119 2705 manibus
1135 2632 1421 2731 conspiratorum

363 2743 495 2818 attrahi
511 2759 549 2818 et
561 2743 743 2817 introduci
759 2770 900 2846 coepere
910 2750 932 2818 ¹.
952 2746 1024 2820 Sed
1041 2772 1124 2823 cum
1140 2749 1276 2821 circum
1293 2751 1425 2825 moenia

364 2858 514 2935 ahintra
527 2859 774 2960 adequitarent
788 2863 986 2959 Anglorum
1000 2862 1109 2939 duces
1120 2888 1206 2937 cum
1216 2864 1426 2939 cohortibus

363 2975 540 3069 militum,
558 2990 595 3052 et
608 2978 702 3051 inter
717 2990 862 3053 caeteros
879 2979 1078 3080 praecipuus
1094 3004 1215 3057 comes
1230 2980 1426 3056 Cherosbe·

405 3268 435 3329 l.
459 3268 637 3329 sacerrime
655 3267 815 3330 Senesoelci
834 3280 863 3327 et
882 3268 986 3330 Ballivi
1006 3271 1140 3333 cohortes
1165 3292 1317 3337 murorum
1339 3294 1426 3358 agge-

363 3374 427 3417 rem
446 3356 788 3439 occupant,'praoipites
804 3355 870 3417 altis
887 3357 971 3419 fossis
987 3358 1162 3435 illabuntur,
1186 3363 1301 3443 srigtmt
1318 3366 1425 3437 scalas,

363 3445 524 3527 irrepentes
544 3448 623 3510 serm
647 3447 760 3521 onusti,
780 3443 939 3507 ascendunt
959 3448 1081 3523 maenia,
1104 3448 1185 3511 binas
1207 3470 1289 3513 ures
1311 3454 1425 3513 nancis-

364 3548 481 3609 cuntur,
495 3535 616 3597 animosi
628 3534 800 3617 populosam
814 3534 922 3595 intrant
938 3536 1060 3612 urbem,
1077 3529 1310 3621 magnanimique
1327 3542 1424 3615 cives,

363 3625 455 3706 ipsius
469 3626 616 3707 ingressas
628 3638 779 3699 aucwres,
793 3626 898 3686 armati
915 3646 982 3687 eum
1000 3627 1090 3689 Gallis
1106 3628 1280 3711 junguntur.
1298 3630 1426 3690 Audacia

363 3716 482 3777 immani
507 3717 601 3777 nostri
624 3732 726 3775 murus
752 3715 858 3775 acriter
881 3714 1037 3789 scandunt,
1065 3718 1184 3779 immani
1211 3718 1347 3782 vecordia
1373 3718 1426 3780 hos

363 3820 461 3884 partos
473 3805 582 3869 insulse
600 3817 783 3865 conservant.
799 3808 931 3886 Nempe,
944 3820 977 3866 ut
993 3806 1136 3888 fastigium
1153 3827 1240 3889 super
1261 3806 1424 3887 adstarent,

363 3894 497 3956 nonnulli
509 3908 674 3955 nostrorum
686 3912 757 3953 moa
769 3913 786 3951 e
798 3894 938 3975 vestigio,
961 3895 1023 3957 sive
1048 3915 1138 3976 prava
1161 3896 1317 3977 cupiditate
1339 3899 1424 3975 caci,

364 3981 407 4041 uti
430 3983 520 4065 vulgo
545 3982 674 4046 avaritiae
702 3995 875 4063 arguuntur,
906 4002 958 4043 seu
984 4004 1057 4045 ausu
1083 3984 1252 4062 temerario,
1280 3994 1426 4053 communi

364 4070 514 4132 Gallorum
530 4070 652 4148 morbo,
666 4070 750 4144 elati,
769 4071 870 4131 relicta
887 4092 1037 4133 murorum
1058 4073 1196 4147 wdone,
1214 4074 1311 4140 stricto
1328 4076 1424 4150 ferro,

364 4159 422 4219 huc
446 4160 515 4221 illuc
536 4175 688 4243 vagantur.
717 4162 867 4224 Tumultus
880 4162 959 4241 ‚inde
981 4164 1083 4247 ingens
1112 4164 1150 4224 ad
1172 4162 1276 4223 coelum
1309 4176 1425 4237 rectus,

363 4246 503 4309 barbam
528 4252 693 4333 (Anglieos)
719 4249 757 4311 ad
781 4270 863 4311 arma
889 4252 1005 4311 excitat.
1034 4252 1144 4331 Volgus
1176 4250 1370 4311 inconsultum
1398 4267 1427 4312 et

364 4335 451 4411 lartius
467 4338 511 4397 rei
527 4340 675 4420 ignarum,
692 4340 790 4401 Gallos
808 4338 987 4400 introductos
1004 4341 1106 4401 urbem
1127 4340 1254 4420 diripere
1273 4355 1301 4401 et
1319 4340 1426 4401 civium

364 4426 544 4508 opulentiam
552 4426 630 4488 bona
641 4428 765 4508 praedari
780 4428 976 4503 arbitrantur3
993 4448 1028 4489 ac
1040 4430 1191 4489 seductum
1205 4429 1426 4490 sententiarum

364 4514 524 4597 anglorum
545 4514 692 4576 ferocitate
712 4516 750 4576 ad
771 4517 870 4591 Gallos
892 4518 1079 4599 expellendos
1105 4518 1267 4579 truculenta
1283 4517 1427 4579 ministrat

363 4622 454 4667 mma.
472 4630 484 4655 ι
501 4600 610 4663 liobert
622 4603 761 4677 Bloudel,
778 4609 904 4662 Assertio
917 4609 1107 4677 Normanuiae,
1123 4606 1144 4665 l.
1163 4608 1217 4684 Ill,
1233 4626 1261 4671 c.
1277 4626 1343 4668 xm.
