3892 5892
737 828 1049 924 ammonianus.
1372 862 1429 921 ros
1486 836 1497 857 ⁰

368 963 501 1055 ciisset,
524 990 639 1066 aqua
657 969 809 1046 nimium
829 975 1002 1051 serviliter
1022 978 1266 1077 premebatur,
1285 984 1428 1059 inhians

370 1080 416 1155 ad
435 1106 523 1181 opes
533 1081 678 1173 alienas,
689 1112 774 1159 cum
788 1088 844 1161 his
860 1115 950 1189 quas
964 1092 1040 1189 jam
1058 1094 1225 1184 habebat,
1239 1100 1428 1197 stimulan-

368 1196 434 1271 das
453 1212 489 1271 et
511 1203 793 1297 coacervandas,
811 1202 1019 1303 hujusmodi
1036 1214 1329 1311 concupiscentia
1347 1216 1428 1314 igne

368 1310 579 1409 obcecatus,
593 1316 694 1413 juxta
709 1344 836 1393 vocem
851 1323 1041 1421 prophetae
1054 1328 1234 1399 canentis:
1256 1358 1274 1395 α
1284 1331 1427 1429 Super·

368 1427 496 1499 cecidit
506 1428 608 1527 ignis,
623 1447 658 1505 et
674 1457 748 1507 non
763 1432 929 1507 viderunt
947 1437 1077 1526 solem,
1097 1466 1114 1506 u
1133 1438 1221 1511 dum
1237 1440 1351 1515 aliena
1367 1469 1431 1517 ne·

368 1541 487 1641 quiter
502 1567 628 1643 rapere
642 1549 840 1643 attentavit,
861 1574 901 1623 se
919 1552 991 1623 suis
1010 1552 1153 1627 honore
1168 1569 1274 1655 atque
1297 1558 1428 1657 opibus

367 1671 451 1730 ante
468 1660 619 1755 quesitis
638 1674 674 1735 et
691 1662 843 1755 habitis,
868 1668 1000 1764 procul
1017 1668 1151 1759 dubio,
1173 1672 1325 1747 omuino
1341 1700 1430 1775 spo-

366 1771 478 1849 liavit.
893 1847 896 1860 .

684 1984 690 1997 ⁴
719 1932 975 2085 clrnnnnu
1001 1974 1076 2045 ui.

390 2132 396 2137 ’
417 2151 536 2219 omae
549 2164 577 2206 a
589 2169 645 2225 qao
662 2152 752 2207 coron
767 2153 801 2207 o
819 2152 936 2225 segue·
953 2151 1085 2227 oppidum
1096 2152 1223 2225 rogem,
1233 2154 1376 2213 asueni.

711 2254 819 2314 ceptum
832 2254 860 2296 et
868 2240 1008 2316 duepnm
1020 2242 1080 2299 init.

412 2385 573 2473 Qualiter
579 2402 700 2459 autem
715 2401 751 2461 et
767 2385 955 2487 quomodo
971 2386 1008 2459 id
1025 2387 1073 2460 ita
1090 2389 1295 2486 eontigerit,
1318 2390 1426 2489 paulo

362 2500 467 2575 altius
479 2516 691 2605 repetemus.

414 2622 496 2691 Erat
512 2619 701 2692 mmoricae
714 2618 902 2693 Britanniae
913 2632 991 2690 tum
1005 2615 1078 2690 dux
1090 2632 1126 2691 et
1139 2616 1309 2690 dominus
1319 2625 1426 2693 Frau-

360 2735 476 2807 ciscus
489 2738 512 2825 ¹,
536 2733 630 2809 filius
646 2734 904 2834 primogenitus
917 2732 1023 2807 ducis
1040 2732 1235 2825 iohannis,
1256 2736 1427 2835 principis

359 2874 426 2923 suo
444 2874 521 2922 aevo
543 2849 810 2950 prudentissimi
830 2849 1002 2950 reputati.
1023 2854 1113 2921 'loto
1145 2851 1242 2921 enim
1265 2864 1427 2951 tempore

358 2990 433 3066 quo
448 2966 562 3057 bellis,
582 2968 739 3067 primum
755 2965 931 3059 civilibus,
949 2963 1083 3037 deinde
1096 2967 1250 3039 externis
1260 2981 1296 3039 et
1307 2966 1426 3039 hosti-

358 3082 474 3172 libus,
501 3081 548 3153 ab
571 3084 691 3179 Anglis
705 3082 770 3153 diu
788 3097 898 3179 atque
914 3080 1157 3153 infelicissime
1177 3082 1336 3155 attritum
1360 3084 1423 3155 luit

359 3210 396 3268 et
420 3194 591 3268 afflictum
616 3200 835 3268 Francorum
855 3218 1008 3291 regnum
1034 3194 1365 3291 (quemadmodum
1384 3199 1420 3269 in

357 3310 641 3411 praecedentibus
657 3335 678 3381 a
694 3308 800 3381 nobis
817 3306 969 3380 relatum
993 3308 1090 3403 est),
1109 3309 1296 3406 prudentia
1313 3325 1349 3382 et
1364 3338 1421 3385 sa-

353 3426 491 3526 pientia
504 3449 568 3498 sua
580 3426 733 3498 servarit
748 3425 900 3524 patriam
916 3446 1018 3495 suam
1036 3422 1224 3517 integram,
1236 3425 1419 3525 pacificam

357 3556 465 3640 atque
484 3539 724 3637 tranquillam.
747 3544 837 3611 Nam
858 3538 1000 3634 utrique
1022 3537 1178 3637 partium
1195 3538 1419 3639 complacere

357 3658 529 3747 studens,
548 3682 616 3729 nec
633 3680 760 3728 eorum
772 3654 1064 3729 contentionibus
1081 3677 1119 3725 se
1134 3654 1354 3746 immiscens,
1372 3656 1417 3728 ab

357 3774 516 3873 utrisque
531 3770 732 3860 terebatur,
752 3795 799 3842 ne
815 3770 864 3844 ab
878 3794 950 3842 una
966 3768 1123 3841 offensus
1141 3770 1293 3868 partium
1306 3783 1342 3841 et
1361 3771 1417 3840 in-

351 3890 446 3985 juria
469 3889 668 3979 lacessitus,
695 3889 770 3986 ipse
788 3888 881 3987 parti
897 3886 957 3959 alii
973 3884 1193 3977 adhaereret,
1211 3886 1274 3982 qui
1292 3884 1416 3957 militia

356 4018 462 4101 atque
471 4004 601 4103 opibus
609 4003 691 4075 satis
702 4017 832 4103 potens
845 4001 1057 4101 pollensque
1065 3999 1290 4073 habebatur.
1306 4002 1416 4099 Prop-

266 4264 275 4287 ,
396 4194 425 4270 l'.
447 4212 598 4288 Francois,
615 4209 742 4291 premier
755 4208 795 4268 du
809 4228 879 4268 nom
892 4228 930 4269 en
943 4214 1093 4287 Bremgne.

393 4300 424 4356 2.
446 4298 555 4357 Robert
574 4296 694 4358 Blondel
720 4298 801 4377 parle
823 4298 917 4356 moins
933 4294 1163 4355 favorablement
1184 4292 1221 4353 de
1242 4312 1275 4351 ee
1295 4292 1413 4371 prinee,

353 4387 425 4470 qu'il
446 4407 548 4446 accuse
566 4386 679 4447 d’avoir
700 4388 807 4447 enervi
828 4406 881 4445 son
902 4386 1008 4467 peuple
1034 4409 1041 4442 ι
1070 4385 1241 4445 «lohannes
1265 4381 1413 4441 Britonum

353 4474 429 4551 dux,
451 4495 522 4555 pace
540 4476 628 4556 longa
644 4477 732 4536 armis
755 4477 914 4551 dissuetus,
930 4475 1021 4555 magis
1044 4486 1225 4554 opportunus
1246 4470 1305 4552 pati
1326 4490 1414 4551 quam

352 4566 486 4642 injuriam
506 4566 630 4639 inferre,
649 4566 757 4626 invasis
776 4563 885 4625 auxilio
910 4583 969 4623 non
993 4564 1060 4637 iuit;
1088 4582 1141 4623 nec
1163 4562 1265 4621 martia
1289 4562 1413 4639 virtute,

433 4687 445 4725 ι
1162 4662 1165 4671 ’
1236 4664 1274 4719 ¹3
