3892 5892
743 906 854 971 lm
871 907 1056 981 QUARTUS.
1123 929 1128 937 ·
1376 908 1433 969 185

375 1024 540 1126 esemplo
554 1044 784 1127 provocatus,
799 1031 862 1129 qui
875 1028 1007 1104 similes
1021 1030 1206 1105 violentias
1221 1044 1328 1129 atque
1342 1030 1434 1128 inju-

375 1140 446 1213 rias
461 1142 584 1239 patriae
600 1144 667 1218 toti
686 1144 819 1219 inierre
836 1144 1065 1246 properabat.

422 1258 507 1334 Erat
531 1257 631 1331 euim
654 1272 760 1352 tunc,
780 1258 849 1333 sub
873 1260 1011 1333 ditione
1036 1260 1254 1359 inglomm,
1273 1262 1432 1359 regimen

374 1372 568 1469 pessimum
590 1387 628 1445 et
643 1372 870 1449 deordinatio
894 1400 1025 1473 magna
1041 1377 1077 1449 in
1102 1389 1178 1451 tota
1199 1377 1429 1451 Normannia.

373 1486 520 1559 Venalis
535 1488 633 1561 enim
648 1489 738 1563 lacta
755 1490 821 1564 luit
837 1514 902 1589 per
917 1514 1001 1581 eos,
1017 1492 1080 1589 qui
1101 1490 1314 1587 Anglicanos
1333 1516 1433 1592 rege·

375 1600 485 1695 bant,
514 1603 776 1680 administratio
800 1621 836 1679 et
864 1606 1077 1705 gubernatio
1105 1608 1352 1699 Normanniae3
1385 1610 1434 1684 ita

374 1716 476 1823 quod
501 1718 552 1793 illi
580 1746 643 1794 seu
658 1722 726 1795 illis
753 1723 1056 1817 committeretur,
1084 1723 1147 1823 qui
1176 1724 1213 1796 in
1239 1722 1433 1798 licitatione

374 1834 464 1923 alios
479 1852 717 1937 superassent.
735 1843 825 1929 Quae
838 1864 896 1912 res
913 1840 1054 1913 animos
1072 1839 1275 1913 accolarum
1292 1841 1430 1937 petrin,

373 1970 503 2050 parum
515 1970 621 2029 antea
632 1955 677 2029 ad
691 1955 887 2055 inglomm
902 1956 1049 2030 allectos
1065 1957 1268 2055 imperium,
1288 1979 1434 2054 prorsus

374 2081 453 2139 tum
465 2068 514 2141 ab
527 2094 572 2143 eo
588 2068 827 2144 distraxertmt
842 2088 950 2170 atque
966 2070 1226 2165 abalienarunt,
1238 2071 1327 2144 dum
1339 2070 1433 2143 vide·

375 2198 457 2257 rent
465 2208 528 2257 eos
543 2183 589 2256 de
604 2186 725 2283 quiete
735 2201 772 2260 et
784 2186 919 2283 justitia
933 2187 1119 2261 communi
1132 2187 1288 2284 regionis
1298 2186 1433 2261 nullam

374 2322 499 2371 curam
516 2322 650 2395 gerere,
669 2324 788 2399 neque
802 2326 951 2374 suorum
965 2300 1118 2373 militurn
1135 2300 1282 2397 injurias
1297 2324 1430 2391 arcere,

372 2437 464 2511 quas
479 2413 618 2513 populo
639 2430 740 2488 terrae
764 2416 905 2489 assidue
920 2414 1134 2489 inferebant.
1160 2420 1240 2487 Non
1258 2416 1376 2508 enim,
1395 2428 1433 2488 ut

373 2527 569 2625 aliquando
585 2529 834 2623 observarant,
858 2544 989 2604 statuta
1011 2529 1188 2629 stipendia
1208 2526 1342 2602 dabant
1363 2554 1434 2605 suae

375 2642 527 2732 militiae;
546 2633 609 2719 sed
625 2644 759 2718 ducum
775 2659 811 2719 et
826 2646 1105 2745 capitaneorum·
1117 2645 1290 2745 rapacitas
1312 2644 1432 2717 omnia

372 2758 602 2853 absorbebat,
621 2776 657 2835 et
671 2776 773 2835 erant
786 2760 885 2861 apud
895 2762 1041 2861 anglos,
1057 2760 1251 2861 provinciae
1260 2760 1431 2857 regimen,

374 2875 527 2950 militurn
539 2875 703 2969 ducatus,
719 2878 973 2977 capitaneatus,
984 2872 1434 2972 ceteraqueomniaollicia

372 2993 534 3084 venalia3
555 2994 604 3079 ita
624 3006 666 3066 ut
687 2993 734 3066 de
758 2993 871 3067 salute
886 2994 1008 3092 patriae
1026 3008 1062 3065 et
1077 2990 1280 3091 reipublicae
1297 2991 1432 3065 nullam

372 3132 521 3207 prorsus
543 3135 666 3183 curam
691 3122 875 3207 gererent,
911 3109 972 3181 sed
999 3133 1078 3181 earn
1100 3108 1209 3181 veluti
1235 3105 1432 3204 neglectam

374 3218 508 3295 babere
535 3222 753 3297 viderentur.
781 3224 875 3310 Quia
888 3246 976 3293 vero
992 3223 1125 3295 scelera
1149 3219 1257 3317 longa
1278 3221 1433 3319 impuni-

375 3348 448 3408 tate
471 3350 508 3409 ct
530 3337 673 3410 licentia
696 3336 858 3436 accipere
886 3336 1147 3409 incrementum
1173 3348 1209 3407 ct
1230 3333 1335 3406 latius
1355 3358 1432 3408 sese

374 3448 567 3524 extendere
590 3466 873 3541 consueverant,
902 3474 978 3523 non
1006 3448 1167 3521 contenti
1189 3446 1323 3545 Anglici
1344 3449 1432 3521 tales

375 3567 519 3666 rapinas
548 3581 657 3665 atque
680 3566 828 3663 injurias
854 3564 1020 3667 plebibus
1052 3586 1124 3636 suae
1152 3560 1299 3633 ditionis
1325 3576 1431 3659 atque

374 3680 587 3754 obedientiae
613 3682 766 3776 inferre,
797 3683 905 3755 etiam
934 3681 972 3753 in
999 3676 1188 3751 limitaneis
1213 3680 1431 3750 Francorum

375 3798 476 3871 terris
489 3797 616 3871 similia
626 3796 798 3898 paulatim
810 3795 1048 3897 praesumendi
1057 3818 1183 3867 ausum
1194 3806 1427 3891 acceperunt,

374 3928 433 4005 et,
460 3940 544 3987 curn
574 3916 825 4015 opportunitas
852 3914 1020 4006 daretur,
1048 3938 1123 3987 non
1150 3912 1266 3985 solum
1294 3908 1432 4009 pmdas

375 4052 499 4127 agere,
524 4032 777 4105 verumetiam
803 4044 839 4104 et
864 4047 1019 4107 armatos
1043 4044 1106 4104 aut
1133 4027 1271 4103 nobiles
1299 4026 1431 4099 militiae

376 4146 614 4239 Francorum,
636 4148 666 4221 ai
692 4149 904 4249 intercipere
922 4172 985 4221 eos
1006 4160 1167 4249 possent,
1195 4142 1373 4217 trucidare
1395 4154 1430 4215 et

372 4258 546 4356 jugulare.

425 4372 496 4445 Sed
517 4375 677 4473 prolecto
692 4401 769 4451 non
788 4377 852 4452 diu
870 4374 955 4449 talia
975 4377 1122 4477 impune
1145 4397 1250 4473 agere
1266 4372 1428 4473 permissi
1473 4386 1477 4395 “

376 4502 496 4567 sunta
510 4492 671 4583 Francis3
688 4494 777 4590 quin
792 4493 868 4566 imo
882 4492 990 4565 stiam
1006 4516 1089 4565 cum
1105 4490 1233 4583 usuris,
1247 4512 1322 4563 non
1339 4486 1427 4561 rnul-

376 4608 421 4681 tis
436 4604 572 4681 effluxis
588 4606 783 4701 mensibus,
799 4608 958 4684 leoenrnt
970 4608 1022 4681 eis
1032 4604 1314 4681 retributionem.
1336 4602 1426 4679 lde·
