3892 5892
765 876 876 955 imm
894 894 1058 955 muns.
1386 898 1446 957 nr

390 1043 471 1117 qne
490 1016 665 1118 oppidum
687 1018 807 1116 Diope
830 1017 1020 1091 obsidione
1040 1018 1115 1113 jum
1134 1017 1218 1090 saris
1240 1016 1347 1114 longo
1366 1044 1446 1119 pre·

390 1134 508 1208 mebot
520 1151 557 1209 et
572 1134 808 1207 munitissimo
819 1132 930 1226 soret,
950 1157 971 1206 ιι
988 1156 1104 1232 pauco
1120 1146 1238 1205 temen
1252 1146 1358 1231 atque
1374 1137 1447 1207 exi-

390 1274 462 1346 gno
478 1250 675 1346 Angiornm
690 1272 844 1323 numero
864 1247 1039 1321 custodiri
1057 1245 1153 1343 (non
1177 1247 1273 1319 enim
1292 1250 1445 1323 ercutio

389 1361 516 1436 eadem
535 1362 864 1461 mittendorum),
882 1388 927 1435 ex
942 1376 1151 1460 contemptu
1167 1363 1354 1461 paucitatis
1369 1363 1446 1435 nni·

388 1476 699 1574 mosettolientes,
713 1477 759 1551 nd
770 1502 850 1551 eam
861 1477 1137 1576 expugnandam
1146 1502 1184 1551 se
1194 1477 1443 1553 admoverunt.

390 1596 435 1667 Et
449 1592 556 1691 hujus
569 1592 718 1691 quidem
728 1594 781 1666 rei
796 1592 943 1666 Carolus
958 1618 1033 1683 rer,
1047 1606 1088 1663 ut
1099 1616 1183 1667 eum
1196 1593 1234 1665 in
1249 1592 1355 1665 rebus
1370 1592 1448 1665 bel-

390 1708 467 1783 licio
480 1710 762 1783 exercitationem
774 1708 941 1801 efficeret,
958 1707 1072 1783 filium
1089 1732 1193 1779 suurn
1210 1707 1445 1800 ludovicum,
1517 1757 1522 1774 .

392 1823 526 1924 dequo
541 1850 650 1926 snpra
671 1825 921 1915 meminimus,
939 1825 1199 1897 conductorem
1223 1848 1299 1897 esse
1315 1824 1445 1916 voluit,

391 1941 478 2016 dcto
498 1957 618 2015 tomen
640 1941 708 2014 sibi
729 1942 905 2015 directore
920 1940 1105 2030 iohanne,
1123 1941 1253 2013 comite
1271 1939 1444 2013 Dunensi.

441 2058 511 2147 Qui
527 2082 572 2131 cx
583 2056 715 2129 finibus
726 2057 990 2130 Belvncemium
1001 2070 1037 2129 et
1050 2054 1307 2129 Ambianorum
1319 2054 1449 2127 adven·
1493 2128 1496 2137 ,

393 2186 598 2245 tonteseum
610 2173 694 2245 sotio
703 2196 814 2271 parva
825 2154 1108 2268 monuequitum
1119 2192 1162 2242 uc
1172 2169 1332 2269 peditum
1348 2170 1449 2266 (nam

391 2289 506 2387 patrie
517 2288 577 2361 itta
586 2287 726 2363 deserta
739 2312 932 2362 nnmerum
944 2287 1013 2359 nisi
1025 2294 1175 2385 parvum
1191 2288 1285 2359 olere
1300 2286 1449 2359 minime

393 2404 609 2503 potuisset),
627 2404 675 2477 nd
690 2404 930 2515 expugnanda
953 2418 1068 2477 castra
1088 2428 1151 2477 seu
1164 2403 1342 2477 hastilium
1359 2394 1450 2499 pne-

394 2518 526 2593 dictam
543 2519 739 2615 Angiorum
754 2545 793 2593 se
810 2519 1000 2593 dederont.
1022 2520 1088 2593 Cui
1106 2519 1251 2615 negotio
1269 2542 1352 2590 cum
1366 2517 1450 2589 totis

393 2634 642 2709 incumberent
662 2634 816 2731 viribus,
841 2636 1017 2709 irruentes
1036 2633 1206 2707 audacter
1228 2648 1266 2707 et
1288 2633 1450 2706 animose

396 2751 434 2823 in
461 2749 612 2846 rollum,
641 2753 811 2825 exomni
839 2764 941 2851 parte
963 2749 1136 2823 insultum
1160 2747 1331 2825 iecerunt.
1359 2752 1450 2821 Cum

394 2880 514 2939 autem
535 2866 672 2965 Angiici
698 2869 736 2940 in
773 2868 914 2940 irritum
942 2892 1089 2940 suarum
1120 2865 1451 2940 bombardellarum

394 2996 430 3053 et
454 2983 660 3080 sagittarum
674 2984 788 3080 jactus
804 2982 1077 3084 expendissent,
1097 3000 1134 3058 et
1154 2982 1313 3057 hostium
1326 2982 1452 3080 jaculis

395 3111 502 3195 etque
525 3102 604 3173 telis
623 3102 775 3197 graviter
788 3116 824 3173 et
841 3102 995 3175 muitum
1011 3102 1074 3173 diu
1088 3103 1201 3200 pressi
1218 3115 1357 3193 essent,
1377 3100 1453 3173 vio·

395 3212 504 3285 lentio
534 3216 713 3313 armisque
744 3221 963 3288 Francorum
990 3216 1071 3289 lassi
1099 3230 1135 3287 et
1166 3216 1318 3311 fatigati,
1342 3240 1454 3289 cesse·

397 3342 495 3401 runt.
523 3332 727 3403 conscenso
742 3332 862 3428 itaque
877 3330 961 3403 valli
978 3331 1199 3423 munimine,
1218 3331 1454 3427 ingredientes

398 3445 541 3534 Franci,
556 3470 649 3544 quos
663 3445 735 3518 illic
751 3446 915 3545 Angiioos
931 3446 1092 3519 invenire
1102 3460 1315 3545 potuerunt,
1329 3472 1454 3521 omnce

287 3620 290 3625 .
398 3558 471 3634 sere
486 3560 764 3650 trucidaverunt.
792 3563 879 3635 Coei
894 3562 1001 3635 etiarn
1022 3560 1167 3636 suerunt
1182 3560 1348 3635 nonnulli
1363 3586 1455 3635 mer·

399 3689 555 3767 catores,
574 3676 638 3773 qui
652 3676 735 3767 ilio,
750 3676 797 3750 od
810 3676 1026 3775 portandam
1041 3676 1383 3775 ministrandumque
1392 3700 1455 3749 nn-

400 3815 536 3898 nonam
552 3806 661 3865 etreo
681 3794 850 3867 exercitui
873 3793 1105 3885 necessarius,
1123 3793 1363 3884 advenerant,
1379 3790 1457 3865 eliis

399 3906 437 3977 in
453 3908 694 4007 ooptivitutem
708 3908 871 3983 abductis
881 3914 903 3982 ¹.

449 4022 540 4095 Huic
566 4038 686 4097 autem
720 4026 976 4125 expugnationi
1006 4050 1177 4123 magnum
1201 4026 1296 4099 cives
1321 4022 1457 4097 obsceni

402 4136 527 4234 oppidi
546 4141 776 4215 contulerunt
793 4140 1053 4239 adjumentum.
1072 4146 1163 4215 Cum
1178 4143 1275 4215 enirn
1289 4142 1335 4215 sit
1350 4140 1457 4213 mari·

401 4248 530 4322 timum
550 4255 745 4353 oppidum,
765 4255 927 4355 plerique
943 4280 986 4329 ex
1003 4255 1140 4329 civibus
1162 4270 1239 4328 turn
1259 4278 1393 4329 merces
1409 4252 1456 4327 od

402 4362 489 4437 elias
506 4380 618 4441 terres
632 4370 861 4467 trajiciendo,
879 4386 957 4445 tum
978 4370 1167 4471 piscdtioni
1181 4368 1365 4463 vacando,
1393 4390 1455 4441 no·

446 4609 476 4669 t.
498 4606 676 4668 noritur.
