<?xml version="1.0" encoding="UTF-8"?>
<!DOCTYPE html PUBLIC "-//W3C//DTD XHTML 1.0 Transitional//EN"
    "http://www.w3.org/TR/xhtml1/DTD/xhtml1-transitional.dtd">
<html xmlns="http://www.w3.org/1999/xhtml" xml:lang="en" lang="en">
 <head>
  <title>
</title>
<meta http-equiv="Content-Type" content="text/html;charset=utf-8" />
  <meta name='ocr-system' content='tesseract 3.04.00' />
  <meta name='ocr-capabilities' content='ocr_page ocr_carea ocr_par ocr_line ocrx_word'/>
</head>
<body>
  <div class='ocr_page' id='page_1' title='image "./histoiredesrgne01amelgoog_0436.png"; bbox 0 0 3892 5892; ppageno 0'>
   <div class='ocr_carea' id='block_1_1' title="bbox 454 853 1620 1107">
    <p class='ocr_par' dir='ltr' id='par_1_1' title="bbox 454 853 1620 1107">
     <span class='ocr_line' id='line_1_1' title="bbox 550 853 1315 947; baseline -0.007 -1"><span class='ocrx_word' id='word_1_1' title='bbox 550 890 608 947; x_wconf 78' lang='lat' dir='ltr'>an</span> <span class='ocrx_word' id='word_1_2' title='bbox 798 880 1090 947; x_wconf 69' lang='lat' dir='ltr'>ursionmuu</span> <span class='ocrx_word' id='word_1_3' title='bbox 1108 853 1245 942; x_wconf 73' lang='lat' dir='ltr'>cirron</span> <span class='ocrx_word' id='word_1_4' title='bbox 1261 883 1315 941; x_wconf 88' lang='lat' dir='ltr'>vu</span> 
     </span>
     <span class='ocr_line' id='line_1_2' title="bbox 454 1004 1620 1107; baseline -0.004 -25"><span class='ocrx_word' id='word_1_5' title='bbox 454 1054 463 1081; x_wconf 78' lang='grc'>».</span> <span class='ocrx_word' id='word_1_6' title='bbox 551 1010 598 1082; x_wconf 79' lang='lat' dir='ltr'>ad</span> <span class='ocrx_word' id='word_1_7' title='bbox 623 1026 809 1081; x_wconf 86' lang='lat' dir='ltr'>venturam</span> <span class='ocrx_word' id='word_1_8' title='bbox 834 1022 991 1098; x_wconf 83' lang='lat' dir='ltr'>aestatem</span> <span class='ocrx_word' id='word_1_9' title='bbox 1013 1004 1214 1079; x_wconf 78' lang='lat' dir='ltr'>differretur</span> <span class='ocrx_word' id='word_1_10' title='bbox 1231 1004 1326 1107; x_wconf 85' lang='lat' dir='ltr'>(quo</span> <span class='ocrx_word' id='word_1_11' title='bbox 1343 1016 1532 1100; x_wconf 85' lang='lat' dir='ltr'>tempore,</span> <span class='ocrx_word' id='word_1_12' title='bbox 1550 1029 1620 1077; x_wconf 90' lang='lat' dir='ltr'>re·</span> 
     </span>
    </p>
   </div>
   <div class='ocr_carea' id='block_1_2' title="bbox 431 1116 1619 1229">
    <p class='ocr_par' dir='ltr' id='par_1_2' title="bbox 431 1116 1619 1229">
     <span class='ocr_line' id='line_1_3' title="bbox 431 1116 1619 1229; baseline -0.004 -32"><span class='ocrx_word' id='word_1_13' title='bbox 431 1175 468 1229; x_wconf 62' lang='lat'>2.</span> <span class='ocrx_word' id='word_1_14' title='bbox 550 1126 701 1224; x_wconf 88' lang='lat' dir='ltr'>sumptis</span> <span class='ocrx_word' id='word_1_15' title='bbox 727 1119 873 1213; x_wconf 87' lang='lat' dir='ltr'>animis,</span> <span class='ocrx_word' id='word_1_16' title='bbox 903 1122 1023 1195; x_wconf 91' lang='lat' dir='ltr'>bostes</span> <span class='ocrx_word' id='word_1_17' title='bbox 1053 1122 1149 1195; x_wconf 74' lang='lat' dir='ltr'>forte-</span> <span class='ocrx_word' id='word_1_18' title='bbox 1167 1135 1290 1219; x_wconf 81' lang='lat' dir='ltr'>parata</span> <span class='ocrx_word' id='word_1_19' title='bbox 1314 1116 1443 1209; x_wconf 77' lang='lat' dir='ltr'>classe,</span> <span class='ocrx_word' id='word_1_20' title='bbox 1473 1120 1619 1191; x_wconf 80' lang='lat' dir='ltr'>exactis</span> 
     </span>
    </p>
   </div>
   <div class='ocr_carea' id='block_1_3' title="bbox 515 1232 1619 4344">
    <p class='ocr_par' dir='ltr' id='par_1_3' title="bbox 515 1232 1619 2604">
     <span class='ocr_line' id='line_1_4' title="bbox 549 1232 1619 1334; baseline -0.008 -19"><span class='ocrx_word' id='word_1_21' title='bbox 549 1242 707 1315; x_wconf 89' lang='lat' dir='ltr'>hibernis</span> <span class='ocrx_word' id='word_1_22' title='bbox 720 1238 921 1327; x_wconf 88' lang='lat' dir='ltr'>mensibus,</span> <span class='ocrx_word' id='word_1_23' title='bbox 941 1263 1025 1310; x_wconf 91' lang='lat' dir='ltr'>cum</span> <span class='ocrx_word' id='word_1_24' title='bbox 1040 1237 1177 1333; x_wconf 86' lang='lat' dir='ltr'>magnis</span> <span class='ocrx_word' id='word_1_25' title='bbox 1194 1235 1305 1334; x_wconf 90' lang='lat' dir='ltr'>copiis</span> <span class='ocrx_word' id='word_1_26' title='bbox 1318 1232 1511 1307; x_wconf 81' lang='lat' dir='ltr'>adventare</span> <span class='ocrx_word' id='word_1_27' title='bbox 1526 1258 1619 1333; x_wconf 89' lang='lat' dir='ltr'>pos-</span> 
     </span>
     <span class='ocr_line' id='line_1_5' title="bbox 551 1348 1616 1452; baseline -0.008 -24"><span class='ocrx_word' id='word_1_28' title='bbox 551 1357 675 1452; x_wconf 85' lang='lat' dir='ltr'>sent),</span> <span class='ocrx_word' id='word_1_29' title='bbox 699 1354 783 1427; x_wconf 91' lang='lat' dir='ltr'>licet</span> <span class='ocrx_word' id='word_1_30' title='bbox 800 1376 921 1450; x_wconf 87' lang='lat' dir='ltr'>aspera</span> <span class='ocrx_word' id='word_1_31' title='bbox 943 1366 1020 1423; x_wconf 91' lang='lat' dir='ltr'>tum</span> <span class='ocrx_word' id='word_1_32' title='bbox 1035 1350 1149 1423; x_wconf 90' lang='lat' dir='ltr'>hieros</span> <span class='ocrx_word' id='word_1_33' title='bbox 1166 1363 1274 1439; x_wconf 88' lang='lat' dir='ltr'>esset,</span> <span class='ocrx_word' id='word_1_34' title='bbox 1292 1348 1516 1421; x_wconf 86' lang='lat' dir='ltr'>Hareflutum</span> <span class='ocrx_word' id='word_1_35' title='bbox 1532 1350 1616 1449; x_wconf 89' lang='lat' dir='ltr'>pri·</span> 
     </span>
     <span class='ocr_line' id='line_1_6' title="bbox 552 1464 1615 1562; baseline -0.009 -18"><span class='ocrx_word' id='word_1_36' title='bbox 552 1496 664 1562; x_wconf 91' lang='lat' dir='ltr'>mum,</span> <span class='ocrx_word' id='word_1_37' title='bbox 678 1467 809 1542; x_wconf 88' lang='lat' dir='ltr'>deiude</span> <span class='ocrx_word' id='word_1_38' title='bbox 820 1466 1090 1561; x_wconf 84' lang='lat' dir='ltr'>Honneflutum,</span> <span class='ocrx_word' id='word_1_39' title='bbox 1107 1465 1305 1537; x_wconf 83' lang='lat' dir='ltr'>firmissima</span> <span class='ocrx_word' id='word_1_40' title='bbox 1319 1478 1428 1561; x_wconf 90' lang='lat' dir='ltr'>atque</span> <span class='ocrx_word' id='word_1_41' title='bbox 1443 1464 1615 1535; x_wconf 86' lang='lat' dir='ltr'>munitis-</span> 
     </span>
     <span class='ocr_line' id='line_1_7' title="bbox 551 1576 1614 1683; baseline -0.007 -25"><span class='ocrx_word' id='word_1_42' title='bbox 551 1587 641 1659; x_wconf 88' lang='lat' dir='ltr'>sima</span> <span class='ocrx_word' id='word_1_43' title='bbox 657 1582 803 1683; x_wconf 91' lang='lat' dir='ltr'>oppida,</span> <span class='ocrx_word' id='word_1_44' title='bbox 822 1578 1068 1653; x_wconf 84' lang='lat' dir='ltr'>obsidionibus</span> <span class='ocrx_word' id='word_1_45' title='bbox 1081 1580 1204 1653; x_wconf 80' lang='lat' dir='ltr'>validis</span> <span class='ocrx_word' id='word_1_46' title='bbox 1213 1580 1437 1651; x_wconf 87' lang='lat' dir='ltr'>constrinxit.</span> <span class='ocrx_word' id='word_1_47' title='bbox 1454 1576 1614 1651; x_wconf 82' lang='lat' dir='ltr'>Gelabat</span> 
     </span>
     <span class='ocr_line' id='line_1_8' title="bbox 515 1695 1613 1794; baseline 0.004 -29"><span class='ocrx_word' id='word_1_48' title='bbox 515 1752 522 1765; x_wconf 82' lang='grc'>.</span> <span class='ocrx_word' id='word_1_49' title='bbox 551 1716 638 1773; x_wconf 88' lang='lat' dir='ltr'>tuno</span> <span class='ocrx_word' id='word_1_50' title='bbox 654 1697 883 1794; x_wconf 89' lang='lat' dir='ltr'>rigidissime,</span> <span class='ocrx_word' id='word_1_51' title='bbox 901 1697 952 1769; x_wconf 87' lang='lat' dir='ltr'>ita</span> <span class='ocrx_word' id='word_1_52' title='bbox 976 1711 1017 1769; x_wconf 86' lang='lat' dir='ltr'>ut</span> <span class='ocrx_word' id='word_1_53' title='bbox 1031 1696 1158 1794; x_wconf 83' lang='lat' dir='ltr'>glacies</span> <span class='ocrx_word' id='word_1_54' title='bbox 1174 1720 1297 1767; x_wconf 92' lang='lat' dir='ltr'>cursus</span> <span class='ocrx_word' id='word_1_55' title='bbox 1313 1695 1420 1767; x_wconf 86' lang='lat' dir='ltr'>etiam</span> <span class='ocrx_word' id='word_1_56' title='bbox 1435 1696 1613 1769; x_wconf 89' lang='lat' dir='ltr'>retineret</span> 
     </span>
     <span class='ocr_line' id='line_1_9' title="bbox 552 1808 1608 1909; baseline -0.005 -23"><span class='ocrx_word' id='word_1_57' title='bbox 552 1814 759 1903; x_wconf 88' lang='lat' dir='ltr'>fluminum,</span> <span class='ocrx_word' id='word_1_58' title='bbox 784 1826 957 1908; x_wconf 85' lang='lat' dir='ltr'><strong>erantque</strong></span> <span class='ocrx_word' id='word_1_59' title='bbox 984 1813 1058 1909; x_wconf 88' lang='lat' dir='ltr'>agri</span> <span class='ocrx_word' id='word_1_60' title='bbox 1088 1811 1222 1909; x_wconf 92' lang='lat' dir='ltr'>ubique</span> <span class='ocrx_word' id='word_1_61' title='bbox 1246 1808 1388 1883; x_wconf 89' lang='lat' dir='ltr'>nivibus</span> <span class='ocrx_word' id='word_1_62' title='bbox 1414 1809 1608 1909; x_wconf 84' lang='lat' dir='ltr'>adoperti;</span> 
     </span>
     <span class='ocr_line' id='line_1_10' title="bbox 552 1924 1610 2023; baseline -0.003 -21"><span class='ocrx_word' id='word_1_63' title='bbox 552 1928 637 2019; x_wconf 89' lang='lat' dir='ltr'>sed,</span> <span class='ocrx_word' id='word_1_64' title='bbox 660 1951 734 1998; x_wconf 90' lang='lat' dir='ltr'>non</span> <span class='ocrx_word' id='word_1_65' title='bbox 751 1952 795 1999; x_wconf 92' lang='lat' dir='ltr'>eo</span> <span class='ocrx_word' id='word_1_66' title='bbox 815 1926 954 2018; x_wconf 90' lang='lat' dir='ltr'>minus,</span> <span class='ocrx_word' id='word_1_67' title='bbox 979 1950 1042 1999; x_wconf 85' lang='lat' dir='ltr'>rex</span> <span class='ocrx_word' id='word_1_68' title='bbox 1065 1941 1100 2002; x_wconf 89' lang='lat' dir='ltr'>et</span> <span class='ocrx_word' id='word_1_69' title='bbox 1124 1926 1179 1998; x_wconf 88' lang='lat' dir='ltr'>sui</span> <span class='ocrx_word' id='word_1_70' title='bbox 1197 1924 1348 2015; x_wconf 86' lang='lat' dir='ltr'>milites,</span> <span class='ocrx_word' id='word_1_71' title='bbox 1367 1925 1403 1996; x_wconf 89' lang='lat' dir='ltr'>iu</span> <span class='ocrx_word' id='word_1_72' title='bbox 1429 1925 1610 2023; x_wconf 85' lang='lat' dir='ltr'>specubus</span> 
     </span>
     <span class='ocr_line' id='line_1_11' title="bbox 553 2038 1612 2139; baseline 0 -25"><span class='ocrx_word' id='word_1_73' title='bbox 553 2043 665 2114; x_wconf 92' lang='lat' dir='ltr'>humo</span> <span class='ocrx_word' id='word_1_74' title='bbox 696 2040 863 2134; x_wconf 85' lang='lat' dir='ltr'>defossis,</span> <span class='ocrx_word' id='word_1_75' title='bbox 889 2041 981 2113; x_wconf 86' lang='lat' dir='ltr'>virili</span> <span class='ocrx_word' id='word_1_76' title='bbox 1007 2038 1139 2113; x_wconf 88' lang='lat' dir='ltr'>robore</span> <span class='ocrx_word' id='word_1_77' title='bbox 1166 2041 1372 2139; x_wconf 78' lang='lat' dir='ltr'>ingentique</span> <span class='ocrx_word' id='word_1_78' title='bbox 1400 2038 1612 2114; x_wconf 89' lang='lat' dir='ltr'>fortitudine</span> 
     </span>
     <span class='ocr_line' id='line_1_12' title="bbox 553 2153 1611 2247; baseline 0 -18"><span class='ocrx_word' id='word_1_79' title='bbox 553 2171 758 2230; x_wconf 86' lang='lat' dir='ltr'>constanter</span> <span class='ocrx_word' id='word_1_80' title='bbox 772 2156 809 2229; x_wconf 93' lang='lat' dir='ltr'>in</span> <span class='ocrx_word' id='word_1_81' title='bbox 829 2156 1018 2229; x_wconf 87' lang='lat' dir='ltr'>obsidione</span> <span class='ocrx_word' id='word_1_82' title='bbox 1034 2154 1247 2247; x_wconf 88' lang='lat' dir='ltr'>manebant,</span> <span class='ocrx_word' id='word_1_83' title='bbox 1267 2156 1384 2228; x_wconf 91' lang='lat' dir='ltr'>donec</span> <span class='ocrx_word' id='word_1_84' title='bbox 1399 2153 1611 2229; x_wconf 86' lang='lat' dir='ltr'>bombardis</span> 
     </span>
     <span class='ocr_line' id='line_1_13' title="bbox 555 2269 1611 2372; baseline 0 -27"><span class='ocrx_word' id='word_1_85' title='bbox 555 2287 661 2371; x_wconf 89' lang='lat' dir='ltr'>atque</span> <span class='ocrx_word' id='word_1_86' title='bbox 676 2272 838 2372; x_wconf 89' lang='lat' dir='ltr'>petrariis</span> <span class='ocrx_word' id='word_1_87' title='bbox 856 2271 1035 2343; x_wconf 84' lang='lat' dir='ltr'>moenibus</span> <span class='ocrx_word' id='word_1_88' title='bbox 1050 2269 1279 2369; x_wconf 86' lang='lat' dir='ltr'>turribusque</span> <span class='ocrx_word' id='word_1_89' title='bbox 1297 2270 1422 2343; x_wconf 86' lang='lat' dir='ltr'>dirutis</span> <span class='ocrx_word' id='word_1_90' title='bbox 1438 2284 1473 2345; x_wconf 88' lang='lat' dir='ltr'>et</span> <span class='ocrx_word' id='word_1_91' title='bbox 1486 2272 1611 2369; x_wconf 87' lang='lat' dir='ltr'>dejec-</span> 
     </span>
     <span class='ocr_line' id='line_1_14' title="bbox 557 2386 1610 2487; baseline 0 -26"><span class='ocrx_word' id='word_1_92' title='bbox 557 2390 617 2481; x_wconf 85' lang='lat' dir='ltr'>tis,</span> <span class='ocrx_word' id='word_1_93' title='bbox 637 2402 776 2462; x_wconf 89' lang='lat' dir='ltr'>tantum</span> <span class='ocrx_word' id='word_1_94' title='bbox 792 2403 907 2460; x_wconf 83' lang='lat' dir='ltr'>metus</span> <span class='ocrx_word' id='word_1_95' title='bbox 923 2386 1143 2487; x_wconf 85' lang='lat' dir='ltr'>periculique</span> <span class='ocrx_word' id='word_1_96' title='bbox 1156 2386 1319 2460; x_wconf 90' lang='lat' dir='ltr'>hostibus</span> <span class='ocrx_word' id='word_1_97' title='bbox 1335 2388 1551 2486; x_wconf 85' lang='lat' dir='ltr'>injecerunt,</span> <span class='ocrx_word' id='word_1_98' title='bbox 1569 2402 1610 2461; x_wconf 88' lang='lat' dir='ltr'>ut</span> 
     </span>
     <span class='ocr_line' id='line_1_15' title="bbox 558 2504 1179 2604; baseline -0.003 -27"><span class='ocrx_word' id='word_1_99' title='bbox 558 2529 620 2577; x_wconf 94' lang='lat' dir='ltr'>eos</span> <span class='ocrx_word' id='word_1_100' title='bbox 637 2504 684 2576; x_wconf 94' lang='lat' dir='ltr'>ad</span> <span class='ocrx_word' id='word_1_101' title='bbox 701 2504 920 2577; x_wconf 91' lang='lat' dir='ltr'>deditionem</span> <span class='ocrx_word' id='word_1_102' title='bbox 934 2517 1179 2604; x_wconf 86' lang='lat' dir='ltr'>perurgerent.</span> 
     </span>
    </p>

    <p class='ocr_par' dir='ltr' id='par_1_4' title="bbox 558 2616 1614 4344">
     <span class='ocr_line' id='line_1_16' title="bbox 607 2616 1612 2717; baseline 0 -26"><span class='ocrx_word' id='word_1_103' title='bbox 607 2619 713 2691; x_wconf 90' lang='lat' dir='ltr'>Unde</span> <span class='ocrx_word' id='word_1_104' title='bbox 725 2620 803 2717; x_wconf 90' lang='lat' dir='ltr'>pari</span> <span class='ocrx_word' id='word_1_105' title='bbox 817 2618 1022 2690; x_wconf 87' lang='lat' dir='ltr'>necessitate</span> <span class='ocrx_word' id='word_1_106' title='bbox 1035 2632 1140 2715; x_wconf 88' lang='lat' dir='ltr'>atque</span> <span class='ocrx_word' id='word_1_107' title='bbox 1150 2616 1337 2712; x_wconf 85' lang='lat' dir='ltr'>violentia,</span> <span class='ocrx_word' id='word_1_108' title='bbox 1352 2618 1528 2691; x_wconf 86' lang='lat' dir='ltr'>ambobus</span> <span class='ocrx_word' id='word_1_109' title='bbox 1543 2616 1612 2691; x_wconf 89' lang='lat' dir='ltr'>illis</span> 
     </span>
     <span class='ocr_line' id='line_1_17' title="bbox 559 2733 1607 2836; baseline -0.001 -28"><span class='ocrx_word' id='word_1_110' title='bbox 559 2737 702 2836; x_wconf 91' lang='lat' dir='ltr'>oppidis</span> <span class='ocrx_word' id='word_1_111' title='bbox 713 2736 908 2808; x_wconf 89' lang='lat' dir='ltr'>successive</span> <span class='ocrx_word' id='word_1_112' title='bbox 924 2735 960 2805; x_wconf 93' lang='lat' dir='ltr'>in</span> <span class='ocrx_word' id='word_1_113' title='bbox 977 2736 1131 2807; x_wconf 85' lang='lat' dir='ltr'>maximo</span> <span class='ocrx_word' id='word_1_114' title='bbox 1142 2733 1270 2807; x_wconf 90' lang='lat' dir='ltr'>hiemis</span> <span class='ocrx_word' id='word_1_115' title='bbox 1281 2737 1395 2833; x_wconf 91' lang='lat' dir='ltr'>rigore</span> <span class='ocrx_word' id='word_1_116' title='bbox 1409 2738 1607 2827; x_wconf 84' lang='lat' dir='ltr'>coarctatis,</span> 
     </span>
     <span class='ocr_line' id='line_1_18' title="bbox 558 2850 1611 2951; baseline 0.003 -27"><span class='ocrx_word' id='word_1_117' title='bbox 558 2877 637 2951; x_wconf 88' lang='lat' dir='ltr'>quae</span> <span class='ocrx_word' id='word_1_118' title='bbox 652 2864 777 2923; x_wconf 86' lang='lat' dir='ltr'>contra</span> <span class='ocrx_word' id='word_1_119' title='bbox 792 2850 900 2921; x_wconf 87' lang='lat' dir='ltr'>totius</span> <span class='ocrx_word' id='word_1_120' title='bbox 916 2851 1015 2946; x_wconf 91' lang='lat' dir='ltr'>regni</span> <span class='ocrx_word' id='word_1_121' title='bbox 1029 2852 1225 2948; x_wconf 89' lang='lat' dir='ltr'>potentiam</span> <span class='ocrx_word' id='word_1_122' title='bbox 1243 2877 1280 2924; x_wconf 92' lang='lat' dir='ltr'>se</span> <span class='ocrx_word' id='word_1_123' title='bbox 1299 2877 1403 2951; x_wconf 92' lang='lat' dir='ltr'>posse</span> <span class='ocrx_word' id='word_1_124' title='bbox 1421 2852 1611 2927; x_wconf 81' lang='lat' dir='ltr'>defendere</span> 
     </span>
     <span class='ocr_line' id='line_1_19' title="bbox 560 2964 1612 3068; baseline 0.001 -28"><span class='ocrx_word' id='word_1_125' title='bbox 560 2966 695 3064; x_wconf 82' lang='lat' dir='ltr'>Anglici</span> <span class='ocrx_word' id='word_1_126' title='bbox 714 2964 917 3063; x_wconf 86' lang='lat' dir='ltr'>jactabant,</span> <span class='ocrx_word' id='word_1_127' title='bbox 942 2966 1069 3039; x_wconf 84' lang='lat' dir='ltr'>eadem</span> <span class='ocrx_word' id='word_1_128' title='bbox 1089 2991 1151 3040; x_wconf 84' lang='lat' dir='ltr'>rex</span> <span class='ocrx_word' id='word_1_129' title='bbox 1175 2968 1269 3041; x_wconf 90' lang='lat' dir='ltr'>infra</span> <span class='ocrx_word' id='word_1_130' title='bbox 1293 2970 1446 3068; x_wconf 89' lang='lat' dir='ltr'>spatium</span> <span class='ocrx_word' id='word_1_131' title='bbox 1473 2970 1612 3050; x_wconf 90' lang='lat' dir='ltr'>circiter</span> 
     </span>
     <span class='ocr_line' id='line_1_20' title="bbox 561 3080 1612 3163; baseline 0.004 -10"><span class='ocrx_word' id='word_1_132' title='bbox 561 3080 718 3155; x_wconf 89' lang='lat' dir='ltr'>duorum</span> <span class='ocrx_word' id='word_1_133' title='bbox 742 3081 920 3163; x_wconf 88' lang='lat' dir='ltr'>mensium</span> <span class='ocrx_word' id='word_1_134' title='bbox 942 3106 1014 3155; x_wconf 86' lang='lat' dir='ltr'>suae</span> <span class='ocrx_word' id='word_1_135' title='bbox 1034 3082 1181 3157; x_wconf 86' lang='lat' dir='ltr'>ditionis</span> <span class='ocrx_word' id='word_1_136' title='bbox 1201 3084 1318 3157; x_wconf 82' lang='lat' dir='ltr'>effecit</span> <span class='ocrx_word' id='word_1_137' title='bbox 1331 3087 1352 3157; x_wconf 85' lang='lat'>¹.</span> <span class='ocrx_word' id='word_1_138' title='bbox 1372 3084 1612 3157; x_wconf 71' lang='lat' dir='ltr'>admoverant</span> 
     </span>
     <span class='ocr_line' id='line_1_21' title="bbox 561 3197 1611 3299; baseline 0.004 -30"><span class='ocrx_word' id='word_1_139' title='bbox 561 3197 658 3269; x_wconf 91' lang='lat' dir='ltr'>enirn</span> <span class='ocrx_word' id='word_1_140' title='bbox 675 3199 722 3271; x_wconf 89' lang='lat' dir='ltr'>ad</span> <span class='ocrx_word' id='word_1_141' title='bbox 740 3206 783 3271; x_wconf 78' lang='lat' dir='ltr'>ea</span> <span class='ocrx_word' id='word_1_142' title='bbox 801 3198 1039 3298; x_wconf 79' lang='lat' dir='ltr'>expugnanda</span> <span class='ocrx_word' id='word_1_143' title='bbox 1052 3199 1229 3276; x_wconf 80' lang='lat' dir='ltr'>mirabiles</span> <span class='ocrx_word' id='word_1_144' title='bbox 1246 3201 1415 3299; x_wconf 86' lang='lat' dir='ltr'>petrarias</span> <span class='ocrx_word' id='word_1_145' title='bbox 1433 3215 1468 3273; x_wconf 90' lang='lat' dir='ltr'>ct</span> <span class='ocrx_word' id='word_1_146' title='bbox 1483 3224 1611 3298; x_wconf 86' lang='lat' dir='ltr'>magno</span> 
     </span>
     <span class='ocr_line' id='line_1_22' title="bbox 561 3313 1613 3417; baseline 0.004 -32"><span class='ocrx_word' id='word_1_147' title='bbox 561 3313 664 3386; x_wconf 85' lang='lat' dir='ltr'>valde</span> <span class='ocrx_word' id='word_1_148' title='bbox 681 3340 854 3401; x_wconf 88' lang='lat' dir='ltr'>numero,</span> <span class='ocrx_word' id='word_1_149' title='bbox 873 3340 951 3413; x_wconf 85' lang='lat' dir='ltr'>quae</span> <span class='ocrx_word' id='word_1_150' title='bbox 966 3314 1237 3417; x_wconf 91' lang='lat' dir='ltr'>proculdubio,</span> <span class='ocrx_word' id='word_1_151' title='bbox 1253 3340 1336 3391; x_wconf 87' lang='lat' dir='ltr'>cum</span> <span class='ocrx_word' id='word_1_152' title='bbox 1352 3340 1417 3413; x_wconf 91' lang='lat' dir='ltr'>per</span> <span class='ocrx_word' id='word_1_153' title='bbox 1431 3316 1522 3389; x_wconf 90' lang='lat' dir='ltr'>duos</span> <span class='ocrx_word' id='word_1_154' title='bbox 1540 3316 1613 3389; x_wconf 88' lang='lat' dir='ltr'>dies</span> 
     </span>
     <span class='ocr_line' id='line_1_23' title="bbox 563 3426 1613 3531; baseline 0.003 -31"><span class='ocrx_word' id='word_1_155' title='bbox 563 3455 686 3501; x_wconf 91' lang='lat' dir='ltr'>muros</span> <span class='ocrx_word' id='word_1_156' title='bbox 702 3430 931 3503; x_wconf 90' lang='lat' dir='ltr'>densissimos</span> <span class='ocrx_word' id='word_1_157' title='bbox 948 3445 1131 3529; x_wconf 88' lang='lat' dir='ltr'>turresque</span> <span class='ocrx_word' id='word_1_158' title='bbox 1144 3426 1291 3528; x_wconf 86' lang='lat' dir='ltr'>hujusce</span> <span class='ocrx_word' id='word_1_159' title='bbox 1303 3432 1520 3531; x_wconf 90' lang='lat' dir='ltr'>oppidorum</span> <span class='ocrx_word' id='word_1_160' title='bbox 1536 3458 1613 3531; x_wconf 91' lang='lat' dir='ltr'>per·</span> 
     </span>
     <span class='ocr_line' id='line_1_24' title="bbox 562 3544 1610 3645; baseline 0.001 -28"><span class='ocrx_word' id='word_1_161' title='bbox 562 3544 764 3638; x_wconf 72' lang='lat' dir='ltr'>bussissent,</span> <span class='ocrx_word' id='word_1_162' title='bbox 780 3548 827 3619; x_wconf 88' lang='lat' dir='ltr'>ita</span> <span class='ocrx_word' id='word_1_163' title='bbox 845 3546 980 3637; x_wconf 89' lang='lat' dir='ltr'>hostes,</span> <span class='ocrx_word' id='word_1_164' title='bbox 996 3547 1057 3645; x_wconf 94' lang='lat' dir='ltr'>qui</span> <span class='ocrx_word' id='word_1_165' title='bbox 1074 3569 1203 3643; x_wconf 91' lang='lat' dir='ltr'>magno</span> <span class='ocrx_word' id='word_1_166' title='bbox 1219 3570 1370 3617; x_wconf 90' lang='lat' dir='ltr'>numero</span> <span class='ocrx_word' id='word_1_167' title='bbox 1386 3547 1482 3618; x_wconf 89' lang='lat' dir='ltr'>intus</span> <span class='ocrx_word' id='word_1_168' title='bbox 1499 3561 1610 3640; x_wconf 82' lang='lat' dir='ltr'>erunt,</span> 
     </span>
     <span class='ocr_line' id='line_1_25' title="bbox 563 3662 1613 3761; baseline 0 -29"><span class='ocrx_word' id='word_1_169' title='bbox 563 3664 840 3761; x_wconf 85' lang='lat' dir='ltr'>propugnaculis</span> <span class='ocrx_word' id='word_1_170' title='bbox 871 3663 1174 3760; x_wconf 88' lang='lat' dir='ltr'>munimentisque</span> <span class='ocrx_word' id='word_1_171' title='bbox 1201 3662 1273 3733; x_wconf 90' lang='lat' dir='ltr'>suis</span> <span class='ocrx_word' id='word_1_172' title='bbox 1304 3662 1353 3734; x_wconf 87' lang='lat' dir='ltr'>ita</span> <span class='ocrx_word' id='word_1_173' title='bbox 1384 3662 1613 3736; x_wconf 79' lang='lat' dir='ltr'>destituerent</span> 
     </span>
     <span class='ocr_line' id='line_1_26' title="bbox 562 3777 1613 3881; baseline 0.003 -31"><span class='ocrx_word' id='word_1_174' title='bbox 562 3792 669 3875; x_wconf 87' lang='lat' dir='ltr'>atque</span> <span class='ocrx_word' id='word_1_175' title='bbox 684 3778 922 3871; x_wconf 89' lang='lat' dir='ltr'>nudaverant,</span> <span class='ocrx_word' id='word_1_176' title='bbox 940 3795 980 3852; x_wconf 90' lang='lat' dir='ltr'>ut</span> <span class='ocrx_word' id='word_1_177' title='bbox 996 3805 1077 3872; x_wconf 89' lang='lat' dir='ltr'>eos,</span> <span class='ocrx_word' id='word_1_178' title='bbox 1096 3777 1230 3877; x_wconf 84' lang='lat' dir='ltr'>absque</span> <span class='ocrx_word' id='word_1_179' title='bbox 1247 3804 1376 3877; x_wconf 89' lang='lat' dir='ltr'>magno</span> <span class='ocrx_word' id='word_1_180' title='bbox 1393 3782 1537 3881; x_wconf 90' lang='lat' dir='ltr'>negotio</span> <span class='ocrx_word' id='word_1_181' title='bbox 1553 3805 1613 3853; x_wconf 89' lang='lat' dir='ltr'>seu</span> 
     </span>
     <span class='ocr_line' id='line_1_27' title="bbox 563 3892 1613 3998; baseline 0.005 -34"><span class='ocrx_word' id='word_1_182' title='bbox 563 3892 791 3987; x_wconf 86' lang='lat' dir='ltr'>difficultate,</span> <span class='ocrx_word' id='word_1_183' title='bbox 809 3920 875 3995; x_wconf 93' lang='lat' dir='ltr'>per</span> <span class='ocrx_word' id='word_1_184' title='bbox 891 3894 1062 3967; x_wconf 88' lang='lat' dir='ltr'>insultum</span> <span class='ocrx_word' id='word_1_185' title='bbox 1075 3919 1137 3968; x_wconf 88' lang='lat' dir='ltr'>rex</span> <span class='ocrx_word' id='word_1_186' title='bbox 1153 3920 1279 3996; x_wconf 85' lang='lat' dir='ltr'>capere</span> <span class='ocrx_word' id='word_1_187' title='bbox 1291 3912 1397 3994; x_wconf 87' lang='lat' dir='ltr'>atque</span> <span class='ocrx_word' id='word_1_188' title='bbox 1413 3922 1613 3998; x_wconf 83' lang='lat' dir='ltr'>expugnare</span> 
     </span>
     <span class='ocr_line' id='line_1_28' title="bbox 563 4011 1614 4114; baseline 0.005 -32"><span class='ocrx_word' id='word_1_189' title='bbox 563 4011 746 4109; x_wconf 87' lang='lat' dir='ltr'>potuisset.</span> <span class='ocrx_word' id='word_1_190' title='bbox 765 4011 836 4083; x_wconf 87' lang='lat' dir='ltr'>Sed</span> <span class='ocrx_word' id='word_1_191' title='bbox 863 4012 956 4110; x_wconf 89' lang='lat' dir='ltr'>ipse,</span> <span class='ocrx_word' id='word_1_192' title='bbox 976 4012 1037 4107; x_wconf 94' lang='lat' dir='ltr'>qui</span> <span class='ocrx_word' id='word_1_193' title='bbox 1063 4037 1205 4111; x_wconf 89' lang='lat' dir='ltr'>semper</span> <span class='ocrx_word' id='word_1_194' title='bbox 1229 4012 1490 4086; x_wconf 89' lang='lat' dir='ltr'>humanitatem</span> <span class='ocrx_word' id='word_1_195' title='bbox 1510 4031 1614 4114; x_wconf 84' lang='lat' dir='ltr'>atque</span> 
     </span>
     <span class='ocr_line' id='line_1_29' title="bbox 562 4126 1614 4228; baseline 0.005 -31"><span class='ocrx_word' id='word_1_196' title='bbox 562 4126 874 4201; x_wconf 66' lang='lat' dir='ltr'>mansuetunnem</span> <span class='ocrx_word' id='word_1_197' title='bbox 889 4127 1088 4201; x_wconf 86' lang='lat' dir='ltr'>crudelitati</span> <span class='ocrx_word' id='word_1_198' title='bbox 1103 4128 1326 4228; x_wconf 75' lang='lat' dir='ltr'>preferebat,</span> <span class='ocrx_word' id='word_1_199' title='bbox 1345 4130 1426 4202; x_wconf 89' lang='lat' dir='ltr'>licet</span> <span class='ocrx_word' id='word_1_200' title='bbox 1439 4132 1488 4209; x_wconf 84' lang='lat' dir='ltr'>ita</span> <span class='ocrx_word' id='word_1_201' title='bbox 1504 4130 1614 4204; x_wconf 88' lang='lat' dir='ltr'>deter-</span> 
     </span>
     <span class='ocr_line' id='line_1_30' title="bbox 562 4242 1612 4344; baseline 0.007 -31"><span class='ocrx_word' id='word_1_202' title='bbox 562 4242 648 4318; x_wconf 88' lang='lat' dir='ltr'>ritos</span> <span class='ocrx_word' id='word_1_203' title='bbox 674 4258 709 4316; x_wconf 92' lang='lat' dir='ltr'>et</span> <span class='ocrx_word' id='word_1_204' title='bbox 734 4242 779 4315; x_wconf 91' lang='lat' dir='ltr'>de</span> <span class='ocrx_word' id='word_1_205' title='bbox 796 4242 908 4316; x_wconf 84' lang='lat' dir='ltr'>salute</span> <span class='ocrx_word' id='word_1_206' title='bbox 927 4243 1199 4342; x_wconf 90' lang='lat' dir='ltr'>quodammodo</span> <span class='ocrx_word' id='word_1_207' title='bbox 1222 4244 1472 4344; x_wconf 86' lang='lat' dir='ltr'>desperantes,</span> <span class='ocrx_word' id='word_1_208' title='bbox 1496 4246 1612 4321; x_wconf 85' lang='lat' dir='ltr'>hostes</span> 
     </span>
    </p>
   </div>
   <div class='ocr_carea' id='block_1_4' title="bbox 559 4517 1613 4667">
    <p class='ocr_par' dir='ltr' id='par_1_5' title="bbox 559 4517 1613 4667">
     <span class='ocr_line' id='line_1_31' title="bbox 601 4517 1613 4593; baseline 0.003 -18"><span class='ocrx_word' id='word_1_209' title='bbox 601 4521 630 4578; x_wconf 84' lang='lat' dir='ltr'>t.</span> <span class='ocrx_word' id='word_1_210' title='bbox 651 4522 693 4577; x_wconf 84' lang='lat' dir='ltr'>La</span> <span class='ocrx_word' id='word_1_211' title='bbox 714 4518 859 4578; x_wconf 84' lang='lat' dir='ltr'>reddition</span> <span class='ocrx_word' id='word_1_212' title='bbox 873 4518 1037 4579; x_wconf 83' lang='lat' dir='ltr'>d&#39;flarfleur</span> <span class='ocrx_word' id='word_1_213' title='bbox 1056 4530 1106 4579; x_wconf 85' lang='lat' dir='ltr'>cut</span> <span class='ocrx_word' id='word_1_214' title='bbox 1119 4517 1178 4579; x_wconf 93' lang='lat' dir='ltr'>lieu</span> <span class='ocrx_word' id='word_1_215' title='bbox 1192 4518 1220 4580; x_wconf 88' lang='lat' dir='ltr'>le</span> <span class='ocrx_word' id='word_1_216' title='bbox 1236 4522 1277 4577; x_wconf 79' lang='lat' dir='ltr'>f·&#39;</span> <span class='ocrx_word' id='word_1_217' title='bbox 1287 4518 1401 4593; x_wconf 81' lang='lat' dir='ltr'>janvier</span> <span class='ocrx_word' id='word_1_218' title='bbox 1416 4523 1494 4581; x_wconf 74' lang='lat' dir='ltr'>fibo</span> <span class='ocrx_word' id='word_1_219' title='bbox 1507 4532 1535 4581; x_wconf 83' lang='lat' dir='ltr'>et</span> <span class='ocrx_word' id='word_1_220' title='bbox 1547 4518 1613 4580; x_wconf 80' lang='lat' dir='ltr'>celle</span> 
     </span>
     <span class='ocr_line' id='line_1_32' title="bbox 559 4605 956 4667; baseline 0.005 -2"><span class='ocrx_word' id='word_1_221' title='bbox 559 4605 730 4667; x_wconf 83' lang='lat' dir='ltr'>d&#39;iionfleur</span> <span class='ocrx_word' id='word_1_222' title='bbox 742 4606 771 4666; x_wconf 90' lang='lat' dir='ltr'>le</span> <span class='ocrx_word' id='word_1_223' title='bbox 785 4610 823 4667; x_wconf 82' lang='lat'>18</span> <span class='ocrx_word' id='word_1_224' title='bbox 839 4608 956 4667; x_wconf 73' lang='lat' dir='ltr'>ferrici.</span> 
     </span>
    </p>
   </div>
   <div class='ocr_carea' id='block_1_5' title="bbox 0 0 1957 5892">
    <p class='ocr_par' dir='ltr' id='par_1_6' title="bbox 0 0 1957 5892">
     <span class='ocr_line' id='line_1_33' title="bbox 0 0 1957 5892; baseline 0 0"><span class='ocrx_word' id='word_1_225' title='bbox 0 0 1957 5892; x_wconf 95' lang='lat' dir='ltr'> </span> 
     </span>
    </p>
   </div>
  </div>
 </body>
</html>
