3892 5892
578 923 638 980 sss
857 917 1114 985 msromrnou
1136 923 1271 1018 esrom
1293 925 1346 983 ru

578 1044 792 1118 circumdari
827 1058 864 1118 et
888 1045 1084 1145 expugnari
1114 1045 1225 1118 fuerat
1256 1058 1490 1132 attentatum,
1526 1045 1669 1142 prius-

578 1183 687 1259 quam
706 1158 778 1231 hoo
794 1160 892 1259 apud
912 1160 1250 1242 Pontem-Odomari
1271 1161 1391 1233 luisset
1410 1159 1660 1232 inchoatum.

579 1275 684 1348 Unde
706 1275 814 1374 hujus
842 1279 962 1376 gratim
989 1292 1031 1350 et
1046 1275 1210 1350 beneficii
1241 1279 1305 1349 Dei
1333 1275 1581 1349 exhibitorum
1615 1279 1664 1348 in

577 1390 673 1463 dicta
702 1393 971 1490 recuperatione
994 1393 1240 1481 Nominum,
1268 1416 1343 1464 nou
1373 1406 1444 1463 tam
1471 1392 1541 1489 ipsi
1569 1393 1662 1486 regi

578 1530 688 1603 quam
705 1508 771 1577 toti
791 1529 920 1602 regno,
941 1507 1065 1579 volens
1081 1531 1140 1579 rex
1158 1505 1306 1580 Carolus
1326 1505 1463 1580 debitas
1484 1517 1660 1600 quotan-

578 1621 634 1692 nis
646 1625 723 1693 Deo
734 1621 888 1720 persolvi
898 1621 1077 1695 solemnes
1089 1623 1281 1719 gratiarum
1293 1622 1468 1710 actiones,
1485 1620 1658 1716 factique

577 1750 652 1809 tam
678 1736 919 1810 memorabilis
946 1739 1159 1812 memoriam
1181 1739 1226 1811 ad
1248 1753 1410 1838 posteros
1427 1737 1652 1826 transferre,

578 1853 761 1924 constituit
794 1868 830 1925 et
862 1853 1063 1943 ordinavit,
1094 1878 1177 1926 cum
1205 1877 1384 1926 consensu
1409 1853 1652 1952 praelatorum

578 1968 702 2062 regni,
722 1982 780 2059 ut,
798 1967 1012 2042 duodecima
1030 1968 1090 2042 die
1102 1971 1235 2042 mensis
1251 1969 1412 2064 Augusti,
1432 1991 1497 2066 per
1512 1989 1653 2038 omnes

569 2080 742 2152 ¹eoclosias
758 2080 1005 2173 cathedralem.
1016 2105 1082 2180 per
1097 2083 1255 2176 singulos
1272 2106 1407 2170 anuos,
1426 2079 1487 2152 fiat
1506 2079 1652 2152 solem-

552 2233 556 2246 ·
579 2181 636 2266 nis
650 2196 852 2294 processio,
877 2197 915 2267 in
934 2220 1006 2292 qua
1022 2196 1204 2268 Divinitati
1226 2195 1404 2274 laudeset
1427 2196 1545 2291 gratim
1573 2223 1650 2296 pro

578 2324 679 2382 tanto
701 2308 878 2383 beneficio
900 2311 1097 2384 referantur
1119 2310 1385 2408 offerantur-que
1401 2308 1540 2382 devote
1560 2336 1650 2412 sup-

578 2425 789 2526 plimtionos
802 2442 835 2499 et
849 2425 1023 2500 sacrificia
1036 2431 1113 2498 Deo
1126 2481 1136 2516 ‚
1151 2451 1217 2524 pro
1236 2427 1349 2499 solute
1372 2424 1464 2521 regis
1485 2439 1521 2496 et
1538 2429 1646 2524 regni

580 2558 653 2614 tam
671 2541 844 2641 spirituali
870 2567 981 2641 quam
1005 2541 1207 2641 temporali.
1230 2539 1339 2628 Quod
1362 2539 1548 2637 hucusque
1580 2566 1644 2614 ex·

571 2657 665 2729 inde
680 2671 821 2730 constat
829 2656 942 2729 luisse
955 2657 1198 2736 observatum.

632 2777 677 2842 Et
700 2773 786 2867 quia
806 2765 960 2868 plurima
981 2770 1100 2846 adhuc
1123 2782 1258 2842 restant
1283 2767 1329 2840 ds
1352 2765 1459 2840 robus
1480 2767 1579 2842 bello
1606 2785 1643 2844 et

583 2909 671 2983 pace
693 2908 759 2982 per
781 2883 892 2954 huno.
905 2907 1045 2978 regem,
1071 2897 1106 2954 et
1130 2882 1197 2955 sub
1222 2883 1297 2978 ojus
1314 2883 1485 2980 imperio,
1506 2885 1637 2980 gestis,

582 2993 653 3068 h'oo
676 2997 757 3068 loco
780 2995 930 3067 modum
950 2996 1035 3068 huic
1056 2996 1148 3068 libro
1161 3011 1356 3095 ponentes,
1375 3019 1422 3068 no
1438 2997 1548 3070 nimia
1563 2999 1640 3094 ejus

582 3111 765 3212 prolixitas
786 3110 986 3210 legentibus
1008 3111 1186 3186 fastidiosa
1206 3113 1271 3202 sit,
1300 3137 1342 3184 ex
1367 3111 1511 3184 alterius
1538 3112 1639 3188 initio

583 3240 825 3325 quamtum,
842 3229 997 3301 Domino
1008 3231 1099 3300 vires
1110 3228 1417 3316 subministrante,
1431 3223 1635 3302 referemus.

1251 3405 1270 3444 ι’

889 3873 893 3880 Ι
925 3813 975 3878 ¹¹⁰.
995 3811 1070 3851 snus
1088 3813 1192 3862 ouran
1212 3814 1299 3854 usar.
