<?xml version="1.0" encoding="UTF-8"?>
<!DOCTYPE html PUBLIC "-//W3C//DTD XHTML 1.0 Transitional//EN"
    "http://www.w3.org/TR/xhtml1/DTD/xhtml1-transitional.dtd">
<html xmlns="http://www.w3.org/1999/xhtml" xml:lang="en" lang="en">
 <head>
  <title>
</title>
<meta http-equiv="Content-Type" content="text/html;charset=utf-8" />
  <meta name='ocr-system' content='tesseract 3.04.00' />
  <meta name='ocr-capabilities' content='ocr_page ocr_carea ocr_par ocr_line ocrx_word'/>
</head>
<body>
  <div class='ocr_page' id='page_1' title='image "./histoiredesrgne01amelgoog_0490.png"; bbox 0 0 3892 5892; ppageno 0'>
   <div class='ocr_carea' id='block_1_1' title="bbox 341 865 1409 4207">
    <p class='ocr_par' dir='ltr' id='par_1_1' title="bbox 341 865 1397 2222">
     <span class='ocr_line' id='line_1_1' title="bbox 711 865 1389 940; baseline 0 -16"><span class='ocrx_word' id='word_1_1' title='bbox 711 867 821 924; x_wconf 77' lang='lat' dir='ltr'>LlliliR</span> <span class='ocrx_word' id='word_1_2' title='bbox 841 865 1011 940; x_wconf 76' lang='lat' dir='ltr'>QUINTUS.</span> <span class='ocrx_word' id='word_1_3' title='bbox 1331 868 1389 924; x_wconf 75' lang='lat'>285</span> 
     </span>
     <span class='ocr_line' id='line_1_2' title="bbox 341 986 1388 1092; baseline -0.003 -27"><span class='ocrx_word' id='word_1_4' title='bbox 341 993 419 1066; x_wconf 86' lang='lat' dir='ltr'>lites</span> <span class='ocrx_word' id='word_1_5' title='bbox 429 991 553 1092; x_wconf 87' lang='lat' dir='ltr'>patris,</span> <span class='ocrx_word' id='word_1_6' title='bbox 566 989 629 1088; x_wconf 94' lang='lat' dir='ltr'>qui</span> <span class='ocrx_word' id='word_1_7' title='bbox 642 987 688 1062; x_wconf 92' lang='lat' dir='ltr'>ad</span> <span class='ocrx_word' id='word_1_8' title='bbox 704 989 779 1086; x_wconf 89' lang='lat' dir='ltr'>ejus</span> <span class='ocrx_word' id='word_1_9' title='bbox 793 988 972 1060; x_wconf 89' lang='lat' dir='ltr'>ordinaria</span> <span class='ocrx_word' id='word_1_10' title='bbox 990 986 1162 1086; x_wconf 90' lang='lat' dir='ltr'>stipendia</span> <span class='ocrx_word' id='word_1_11' title='bbox 1177 987 1388 1076; x_wconf 81' lang='lat' dir='ltr'><strong>militabant,</strong></span> 
     </span>
     <span class='ocr_line' id='line_1_3' title="bbox 342 1101 1390 1206; baseline -0.004 -25"><span class='ocrx_word' id='word_1_12' title='bbox 342 1110 535 1206; x_wconf 88' lang='lat' dir='ltr'>ducesque,</span> <span class='ocrx_word' id='word_1_13' title='bbox 555 1127 783 1205; x_wconf 89' lang='lat' dir='ltr'>quacumque</span> <span class='ocrx_word' id='word_1_14' title='bbox 799 1117 872 1176; x_wconf 88' lang='lat' dir='ltr'>arte</span> <span class='ocrx_word' id='word_1_15' title='bbox 891 1115 1046 1202; x_wconf 88' lang='lat' dir='ltr'>poterat,</span> <span class='ocrx_word' id='word_1_16' title='bbox 1060 1101 1106 1173; x_wconf 96' lang='lat' dir='ltr'>de</span> <span class='ocrx_word' id='word_1_17' title='bbox 1121 1104 1266 1176; x_wconf 87' lang='lat' dir='ltr'>servitio</span> <span class='ocrx_word' id='word_1_18' title='bbox 1282 1107 1390 1202; x_wconf 87' lang='lat' dir='ltr'>patris</span> 
     </span>
     <span class='ocr_line' id='line_1_4' title="bbox 342 1218 1391 1320; baseline -0.002 -23"><span class='ocrx_word' id='word_1_19' title='bbox 342 1226 397 1297; x_wconf 92' lang='lat' dir='ltr'>sui</span> <span class='ocrx_word' id='word_1_20' title='bbox 412 1224 584 1316; x_wconf 82' lang='lat' dir='ltr'>educere,</span> <span class='ocrx_word' id='word_1_21' title='bbox 601 1236 635 1294; x_wconf 91' lang='lat' dir='ltr'>et</span> <span class='ocrx_word' id='word_1_22' title='bbox 646 1221 693 1295; x_wconf 92' lang='lat' dir='ltr'>ad</span> <span class='ocrx_word' id='word_1_23' title='bbox 704 1220 949 1320; x_wconf 89' lang='lat' dir='ltr'>delphinatum</span> <span class='ocrx_word' id='word_1_24' title='bbox 961 1243 1066 1290; x_wconf 88' lang='lat' dir='ltr'>suurn</span> <span class='ocrx_word' id='word_1_25' title='bbox 1078 1218 1265 1292; x_wconf 80' lang='lat' dir='ltr'>attrahere.</span> <span class='ocrx_word' id='word_1_26' title='bbox 1289 1223 1391 1295; x_wconf 90' lang='lat' dir='ltr'>Unde</span> 
     </span>
     <span class='ocr_line' id='line_1_5' title="bbox 344 1335 1393 1442; baseline -0.005 -28"><span class='ocrx_word' id='word_1_27' title='bbox 344 1341 590 1442; x_wconf 82' lang='lat' dir='ltr'>quamplures,</span> <span class='ocrx_word' id='word_1_28' title='bbox 608 1364 727 1412; x_wconf 87' lang='lat' dir='ltr'>rerum</span> <span class='ocrx_word' id='word_1_29' title='bbox 744 1361 917 1410; x_wconf 84' lang='lat' dir='ltr'>novarum</span> <span class='ocrx_word' id='word_1_30' title='bbox 930 1335 1080 1434; x_wconf 89' lang='lat' dir='ltr'>cupidos</span> <span class='ocrx_word' id='word_1_31' title='bbox 1094 1346 1144 1428; x_wconf 88' lang='lat' dir='ltr'>et,</span> <span class='ocrx_word' id='word_1_32' title='bbox 1162 1350 1201 1407; x_wconf 95' lang='lat' dir='ltr'>ut</span> <span class='ocrx_word' id='word_1_33' title='bbox 1217 1336 1302 1408; x_wconf 91' lang='lat' dir='ltr'>tales</span> <span class='ocrx_word' id='word_1_34' title='bbox 1318 1362 1393 1409; x_wconf 88' lang='lat' dir='ltr'>esse</span> 
     </span>
     <span class='ocr_line' id='line_1_6' title="bbox 345 1451 1393 1557; baseline -0.004 -28"><span class='ocrx_word' id='word_1_35' title='bbox 345 1456 479 1547; x_wconf 84' lang='lat' dir='ltr'>solent,</span> <span class='ocrx_word' id='word_1_36' title='bbox 497 1479 623 1557; x_wconf 88' lang='lat' dir='ltr'>parum</span> <span class='ocrx_word' id='word_1_37' title='bbox 642 1469 867 1535; x_wconf 83' lang='lat' dir='ltr'>constantes,</span> <span class='ocrx_word' id='word_1_38' title='bbox 897 1451 1192 1550; x_wconf 82' lang='lat' dir='ltr'>promissionibus</span> <span class='ocrx_word' id='word_1_39' title='bbox 1218 1455 1393 1551; x_wconf 85' lang='lat' dir='ltr'>variisque</span> 
     </span>
     <span class='ocr_line' id='line_1_7' title="bbox 345 1567 1394 1666; baseline -0.004 -22"><span class='ocrx_word' id='word_1_40' title='bbox 345 1571 640 1646; x_wconf 81' lang='lat' dir='ltr'>machinamentis</span> <span class='ocrx_word' id='word_1_41' title='bbox 656 1570 723 1642; x_wconf 88' lang='lat' dir='ltr'>sibi</span> <span class='ocrx_word' id='word_1_42' title='bbox 742 1568 912 1654; x_wconf 76' lang='lat' dir='ltr'>adscivit,</span> <span class='ocrx_word' id='word_1_43' title='bbox 933 1567 1013 1639; x_wconf 90' lang='lat' dir='ltr'>licet</span> <span class='ocrx_word' id='word_1_44' title='bbox 1030 1567 1067 1638; x_wconf 92' lang='lat' dir='ltr'>id</span> <span class='ocrx_word' id='word_1_45' title='bbox 1084 1569 1175 1666; x_wconf 86' lang='lat' dir='ltr'>patri</span> <span class='ocrx_word' id='word_1_46' title='bbox 1197 1593 1263 1640; x_wconf 89' lang='lat' dir='ltr'>suo</span> <span class='ocrx_word' id='word_1_47' title='bbox 1286 1568 1394 1640; x_wconf 84' lang='lat' dir='ltr'>vehe-</span> 
     </span>
     <span class='ocr_line' id='line_1_8' title="bbox 346 1681 1393 1785; baseline -0.004 -27"><span class='ocrx_word' id='word_1_48' title='bbox 346 1701 484 1760; x_wconf 88' lang='lat' dir='ltr'>menter</span> <span class='ocrx_word' id='word_1_49' title='bbox 512 1685 718 1785; x_wconf 84' lang='lat' dir='ltr'>displicere,</span> <span class='ocrx_word' id='word_1_50' title='bbox 749 1707 903 1781; x_wconf 89' lang='lat' dir='ltr'>eumque</span> <span class='ocrx_word' id='word_1_51' title='bbox 929 1681 964 1752; x_wconf 88' lang='lat' dir='ltr'>in</span> <span class='ocrx_word' id='word_1_52' title='bbox 994 1682 1103 1754; x_wconf 87' lang='lat' dir='ltr'>malas</span> <span class='ocrx_word' id='word_1_53' title='bbox 1133 1683 1183 1755; x_wconf 89' lang='lat' dir='ltr'>de&#39;</span> <span class='ocrx_word' id='word_1_54' title='bbox 1204 1709 1248 1755; x_wconf 91' lang='lat' dir='ltr'>eo</span> <span class='ocrx_word' id='word_1_55' title='bbox 1281 1685 1393 1782; x_wconf 84' lang='lat' dir='ltr'>suspi-</span> 
     </span>
     <span class='ocr_line' id='line_1_9' title="bbox 345 1795 1393 1899; baseline -0.003 -25"><span class='ocrx_word' id='word_1_56' title='bbox 345 1802 467 1874; x_wconf 90' lang='lat' dir='ltr'>ciones</span> <span class='ocrx_word' id='word_1_57' title='bbox 489 1815 679 1899; x_wconf 89' lang='lat' dir='ltr'>propterea</span> <span class='ocrx_word' id='word_1_58' title='bbox 700 1796 879 1870; x_wconf 86' lang='lat' dir='ltr'>adducere</span> <span class='ocrx_word' id='word_1_59' title='bbox 903 1819 977 1866; x_wconf 91' lang='lat' dir='ltr'>non</span> <span class='ocrx_word' id='word_1_60' title='bbox 1002 1795 1202 1891; x_wconf 82' lang='lat' dir='ltr'>ignoraret3</span> <span class='ocrx_word' id='word_1_61' title='bbox 1230 1797 1292 1870; x_wconf 91' lang='lat' dir='ltr'>sed</span> <span class='ocrx_word' id='word_1_62' title='bbox 1317 1799 1393 1899; x_wconf 89' lang='lat' dir='ltr'>pie·</span> 
     </span>
     <span class='ocr_line' id='line_1_10' title="bbox 346 1911 1395 2016; baseline -0.002 -29"><span class='ocrx_word' id='word_1_63' title='bbox 346 1929 476 1998; x_wconf 83' lang='lat' dir='ltr'>tatem,</span> <span class='ocrx_word' id='word_1_64' title='bbox 506 1937 616 2011; x_wconf 91' lang='lat' dir='ltr'>quam</span> <span class='ocrx_word' id='word_1_65' title='bbox 650 1911 800 1984; x_wconf 90' lang='lat' dir='ltr'>naturali</span> <span class='ocrx_word' id='word_1_66' title='bbox 827 1912 907 2016; x_wconf 84' lang='lat' dir='ltr'>jure</span> <span class='ocrx_word' id='word_1_67' title='bbox 940 1911 1063 1983; x_wconf 83' lang='lat' dir='ltr'>divino</span> <span class='ocrx_word' id='word_1_68' title='bbox 1096 1927 1202 2011; x_wconf 86' lang='lat' dir='ltr'>atque</span> <span class='ocrx_word' id='word_1_69' title='bbox 1236 1913 1395 1987; x_wconf 88' lang='lat' dir='ltr'>humano</span> 
     </span>
     <span class='ocr_line' id='line_1_11' title="bbox 347 2025 1397 2129; baseline 0 -28"><span class='ocrx_word' id='word_1_70' title='bbox 347 2054 474 2102; x_wconf 89' lang='lat' dir='ltr'>omnes</span> <span class='ocrx_word' id='word_1_71' title='bbox 492 2028 699 2129; x_wconf 82' lang='lat' dir='ltr'>parentibus</span> <span class='ocrx_word' id='word_1_72' title='bbox 722 2027 877 2118; x_wconf 86' lang='lat' dir='ltr'>debent,</span> <span class='ocrx_word' id='word_1_73' title='bbox 897 2025 1012 2098; x_wconf 86' lang='lat' dir='ltr'>taliter</span> <span class='ocrx_word' id='word_1_74' title='bbox 1036 2049 1110 2098; x_wconf 92' lang='lat' dir='ltr'>non</span> <span class='ocrx_word' id='word_1_75' title='bbox 1131 2027 1320 2102; x_wconf 78' lang='lat' dir='ltr'>verebatur</span> <span class='ocrx_word' id='word_1_76' title='bbox 1343 2031 1397 2102; x_wconf 86' lang='lat' dir='ltr'>ol-</span> 
     </span>
     <span class='ocr_line' id='line_1_12' title="bbox 347 2149 505 2222; baseline 0 0"><span class='ocrx_word' id='word_1_77' title='bbox 347 2149 505 2222; x_wconf 82' lang='lat' dir='ltr'>lendere.</span> 
     </span>
    </p>

    <p class='ocr_par' dir='ltr' id='par_1_2' title="bbox 348 2261 1409 4207">
     <span class='ocr_line' id='line_1_13' title="bbox 396 2261 1397 2359; baseline -0.001 -23"><span class='ocrx_word' id='word_1_78' title='bbox 396 2262 535 2352; x_wconf 87' lang='lat' dir='ltr'>Quibus</span> <span class='ocrx_word' id='word_1_79' title='bbox 559 2263 667 2335; x_wconf 88' lang='lat' dir='ltr'>rebus</span> <span class='ocrx_word' id='word_1_80' title='bbox 691 2261 966 2350; x_wconf 89' lang='lat' dir='ltr'>animadversis,</span> <span class='ocrx_word' id='word_1_81' title='bbox 986 2276 1021 2333; x_wconf 91' lang='lat' dir='ltr'>et</span> <span class='ocrx_word' id='word_1_82' title='bbox 1045 2285 1117 2359; x_wconf 90' lang='lat' dir='ltr'>quo</span> <span class='ocrx_word' id='word_1_83' title='bbox 1134 2261 1339 2354; x_wconf 88' lang='lat' dir='ltr'>tenderent,</span> <span class='ocrx_word' id='word_1_84' title='bbox 1368 2265 1397 2336; x_wconf 92' lang='lat' dir='ltr'>si</span> 
     </span>
     <span class='ocr_line' id='line_1_14' title="bbox 348 2375 1399 2477; baseline -0.002 -27"><span class='ocrx_word' id='word_1_85' title='bbox 348 2401 574 2477; x_wconf 90' lang='lat' dir='ltr'>progressum</span> <span class='ocrx_word' id='word_1_86' title='bbox 589 2375 723 2449; x_wconf 87' lang='lat' dir='ltr'>habere</span> <span class='ocrx_word' id='word_1_87' title='bbox 747 2377 894 2466; x_wconf 89' lang='lat' dir='ltr'>sineret,</span> <span class='ocrx_word' id='word_1_88' title='bbox 912 2399 988 2446; x_wconf 92' lang='lat' dir='ltr'>non</span> <span class='ocrx_word' id='word_1_89' title='bbox 1010 2375 1147 2448; x_wconf 90' lang='lat' dir='ltr'>nescius</span> <span class='ocrx_word' id='word_1_90' title='bbox 1169 2392 1279 2474; x_wconf 91' lang='lat' dir='ltr'>pater,</span> <span class='ocrx_word' id='word_1_91' title='bbox 1297 2377 1399 2472; x_wconf 90' lang='lat' dir='ltr'>cogi·</span> 
     </span>
     <span class='ocr_line' id='line_1_15' title="bbox 349 2491 1399 2592; baseline -0.002 -26"><span class='ocrx_word' id='word_1_92' title='bbox 349 2497 456 2581; x_wconf 88' lang='lat' dir='ltr'>tavit,</span> <span class='ocrx_word' id='word_1_93' title='bbox 475 2494 682 2592; x_wconf 90' lang='lat' dir='ltr'>priusquam</span> <span class='ocrx_word' id='word_1_94' title='bbox 698 2493 839 2588; x_wconf 86' lang='lat' dir='ltr'>longius</span> <span class='ocrx_word' id='word_1_95' title='bbox 857 2491 1033 2588; x_wconf 88' lang='lat' dir='ltr'>latiusque</span> <span class='ocrx_word' id='word_1_96' title='bbox 1048 2491 1322 2589; x_wconf 82' lang='lat' dir='ltr'>progrederetur</span> <span class='ocrx_word' id='word_1_97' title='bbox 1337 2517 1399 2592; x_wconf 89' lang='lat' dir='ltr'>pe·</span> 
     </span>
     <span class='ocr_line' id='line_1_16' title="bbox 350 2605 1400 2705; baseline -0.001 -25"><span class='ocrx_word' id='word_1_98' title='bbox 350 2609 523 2699; x_wconf 81' lang='lat' dir='ltr'>rictrlum,</span> <span class='ocrx_word' id='word_1_99' title='bbox 545 2607 612 2680; x_wconf 87' lang='lat' dir='ltr'>sibi</span> <span class='ocrx_word' id='word_1_100' title='bbox 628 2631 811 2705; x_wconf 89' lang='lat' dir='ltr'>regnoque</span> <span class='ocrx_word' id='word_1_101' title='bbox 830 2607 1027 2679; x_wconf 88' lang='lat' dir='ltr'>consulere.</span> <span class='ocrx_word' id='word_1_102' title='bbox 1049 2609 1131 2693; x_wconf 91' lang='lat' dir='ltr'>Quo</span> <span class='ocrx_word' id='word_1_103' title='bbox 1147 2608 1242 2705; x_wconf 89' lang='lat' dir='ltr'>ipse,</span> <span class='ocrx_word' id='word_1_104' title='bbox 1266 2605 1400 2705; x_wconf 88' lang='lat' dir='ltr'>absque</span> 
     </span>
     <span class='ocr_line' id='line_1_17' title="bbox 351 2722 1400 2820; baseline -0.004 -22"><span class='ocrx_word' id='word_1_105' title='bbox 351 2725 421 2798; x_wconf 85' lang='lat' dir='ltr'>ulla</span> <span class='ocrx_word' id='word_1_106' title='bbox 445 2724 693 2820; x_wconf 85' lang='lat' dir='ltr'>ambiguitate,</span> <span class='ocrx_word' id='word_1_107' title='bbox 720 2724 872 2796; x_wconf 88' lang='lat' dir='ltr'>libenter</span> <span class='ocrx_word' id='word_1_108' title='bbox 889 2735 1065 2794; x_wconf 82' lang='lat' dir='ltr'>exsortem</span> <span class='ocrx_word' id='word_1_109' title='bbox 1082 2747 1165 2794; x_wconf 91' lang='lat' dir='ltr'>eum</span> <span class='ocrx_word' id='word_1_110' title='bbox 1190 2723 1346 2812; x_wconf 85' lang='lat' dir='ltr'>fecisset,</span> <span class='ocrx_word' id='word_1_111' title='bbox 1372 2722 1400 2794; x_wconf 91' lang='lat' dir='ltr'>si</span> 
     </span>
     <span class='ocr_line' id='line_1_18' title="bbox 351 2835 1398 2938; baseline -0.005 -27"><span class='ocrx_word' id='word_1_112' title='bbox 351 2864 454 2938; x_wconf 89' lang='lat' dir='ltr'>pares</span> <span class='ocrx_word' id='word_1_113' title='bbox 463 2839 585 2910; x_wconf 88' lang='lat' dir='ltr'>animo</span> <span class='ocrx_word' id='word_1_114' title='bbox 598 2851 634 2910; x_wconf 90' lang='lat' dir='ltr'>et</span> <span class='ocrx_word' id='word_1_115' title='bbox 641 2836 829 2910; x_wconf 86' lang='lat' dir='ltr'>ambitioni</span> <span class='ocrx_word' id='word_1_116' title='bbox 842 2859 914 2908; x_wconf 84' lang='lat' dir='ltr'>suae</span> <span class='ocrx_word' id='word_1_117' title='bbox 926 2836 1018 2908; x_wconf 88' lang='lat' dir='ltr'>vires</span> <span class='ocrx_word' id='word_1_118' title='bbox 1031 2835 1197 2934; x_wconf 83' lang='lat' dir='ltr'>colligere</span> <span class='ocrx_word' id='word_1_119' title='bbox 1208 2837 1398 2934; x_wconf 89' lang='lat' dir='ltr'>potuisset;</span> 
     </span>
     <span class='ocr_line' id='line_1_19' title="bbox 352 2951 1398 3050; baseline -0.002 -26"><span class='ocrx_word' id='word_1_120' title='bbox 352 2979 425 3025; x_wconf 78' lang='lat' dir='ltr'>aron</span> <span class='ocrx_word' id='word_1_121' title='bbox 446 2955 544 3026; x_wconf 91' lang='lat' dir='ltr'>euim</span> <span class='ocrx_word' id='word_1_122' title='bbox 567 2951 614 3026; x_wconf 88' lang='lat' dir='ltr'>ab</span> <span class='ocrx_word' id='word_1_123' title='bbox 638 2953 714 3050; x_wconf 83' lang='lat' dir='ltr'>ejus</span> <span class='ocrx_word' id='word_1_124' title='bbox 738 2952 911 3024; x_wconf 89' lang='lat' dir='ltr'>memoria</span> <span class='ocrx_word' id='word_1_125' title='bbox 927 2951 1105 3024; x_wconf 84' lang='lat' dir='ltr'>exciderat</span> <span class='ocrx_word' id='word_1_126' title='bbox 1125 2951 1276 3048; x_wconf 90' lang='lat' dir='ltr'>qualiter</span> <span class='ocrx_word' id='word_1_127' title='bbox 1295 2951 1398 3044; x_wconf 89' lang='lat' dir='ltr'>olim,</span> 
     </span>
     <span class='ocr_line' id='line_1_20' title="bbox 352 3066 1403 3169; baseline -0.001 -28"><span class='ocrx_word' id='word_1_128' title='bbox 352 3085 428 3142; x_wconf 91' lang='lat' dir='ltr'>tum</span> <span class='ocrx_word' id='word_1_129' title='bbox 445 3096 545 3169; x_wconf 82' lang='lat' dir='ltr'>paene</span> <span class='ocrx_word' id='word_1_130' title='bbox 559 3070 784 3160; x_wconf 89' lang='lat' dir='ltr'>adolescens,</span> <span class='ocrx_word' id='word_1_131' title='bbox 797 3094 881 3141; x_wconf 92' lang='lat' dir='ltr'>eum</span> <span class='ocrx_word' id='word_1_132' title='bbox 894 3093 1005 3165; x_wconf 87' lang='lat' dir='ltr'>regno</span> <span class='ocrx_word' id='word_1_133' title='bbox 1019 3067 1208 3141; x_wconf 87' lang='lat' dir='ltr'>deturbare</span> <span class='ocrx_word' id='word_1_134' title='bbox 1222 3093 1264 3142; x_wconf 88' lang='lat' dir='ltr'>ac</span> <span class='ocrx_word' id='word_1_135' title='bbox 1281 3066 1403 3168; x_wconf 88' lang='lat' dir='ltr'>depel-</span> 
     </span>
     <span class='ocr_line' id='line_1_21' title="bbox 354 3183 1405 3273; baseline 0 -17"><span class='ocrx_word' id='word_1_136' title='bbox 354 3187 425 3258; x_wconf 90' lang='lat' dir='ltr'>lere</span> <span class='ocrx_word' id='word_1_137' title='bbox 453 3199 654 3256; x_wconf 88' lang='lat' dir='ltr'>attentarat.</span> <span class='ocrx_word' id='word_1_138' title='bbox 687 3185 862 3273; x_wconf 87' lang='lat' dir='ltr'>Quocirca</span> <span class='ocrx_word' id='word_1_139' title='bbox 893 3184 1032 3254; x_wconf 90' lang='lat' dir='ltr'>cautior</span> <span class='ocrx_word' id='word_1_140' title='bbox 1059 3183 1228 3273; x_wconf 81' lang='lat' dir='ltr'>allectus,</span> <span class='ocrx_word' id='word_1_141' title='bbox 1258 3185 1405 3256; x_wconf 86' lang='lat' dir='ltr'>studens</span> 
     </span>
     <span class='ocr_line' id='line_1_22' title="bbox 354 3295 1405 3392; baseline -0.003 -21"><span class='ocrx_word' id='word_1_142' title='bbox 354 3298 498 3371; x_wconf 78' lang='lat' dir='ltr'>obviam</span> <span class='ocrx_word' id='word_1_143' title='bbox 526 3297 578 3368; x_wconf 89' lang='lat' dir='ltr'>ire</span> <span class='ocrx_word' id='word_1_144' title='bbox 606 3297 839 3369; x_wconf 90' lang='lat' dir='ltr'>comminanti</span> <span class='ocrx_word' id='word_1_145' title='bbox 859 3295 1040 3392; x_wconf 87' lang='lat' dir='ltr'>procellae,</span> <span class='ocrx_word' id='word_1_146' title='bbox 1068 3297 1278 3384; x_wconf 78' lang='lat' dir='ltr'>comedam</span> <span class='ocrx_word' id='word_1_147' title='bbox 1306 3297 1405 3368; x_wconf 92' lang='lat' dir='ltr'>mul-</span> 
     </span>
     <span class='ocr_line' id='line_1_23' title="bbox 355 3408 1405 3508; baseline -0.002 -23"><span class='ocrx_word' id='word_1_148' title='bbox 355 3428 476 3486; x_wconf 90' lang='lat' dir='ltr'>torum</span> <span class='ocrx_word' id='word_1_149' title='bbox 489 3411 535 3484; x_wconf 91' lang='lat' dir='ltr'>de</span> <span class='ocrx_word' id='word_1_150' title='bbox 548 3411 677 3484; x_wconf 91' lang='lat' dir='ltr'>eodem</span> <span class='ocrx_word' id='word_1_151' title='bbox 699 3435 765 3482; x_wconf 93' lang='lat' dir='ltr'>suo</span> <span class='ocrx_word' id='word_1_152' title='bbox 787 3410 861 3482; x_wconf 81' lang='lat' dir='ltr'>filio</span> <span class='ocrx_word' id='word_1_153' title='bbox 877 3408 1049 3506; x_wconf 89' lang='lat' dir='ltr'>querelis,</span> <span class='ocrx_word' id='word_1_154' title='bbox 1067 3408 1113 3481; x_wconf 91' lang='lat' dir='ltr'>de</span> <span class='ocrx_word' id='word_1_155' title='bbox 1136 3410 1272 3505; x_wconf 88' lang='lat' dir='ltr'>injuriis</span> <span class='ocrx_word' id='word_1_156' title='bbox 1298 3425 1405 3508; x_wconf 87' lang='lat' dir='ltr'>atque</span> 
     </span>
     <span class='ocr_line' id='line_1_24' title="bbox 355 3523 1406 3626; baseline -0.005 -24"><span class='ocrx_word' id='word_1_157' title='bbox 355 3526 600 3626; x_wconf 90' lang='lat' dir='ltr'>iniquitatibus</span> <span class='ocrx_word' id='word_1_158' title='bbox 630 3527 782 3622; x_wconf 90' lang='lat' dir='ltr'>quasin</span> <span class='ocrx_word' id='word_1_159' title='bbox 813 3525 889 3598; x_wconf 87' lang='lat' dir='ltr'>dies</span> <span class='ocrx_word' id='word_1_160' title='bbox 919 3523 1187 3612; x_wconf 90' lang='lat' dir='ltr'>committebat,</span> <span class='ocrx_word' id='word_1_161' title='bbox 1222 3541 1406 3623; x_wconf 88' lang='lat' dir='ltr'>permotus</span> 
     </span>
     <span class='ocr_line' id='line_1_25' title="bbox 355 3638 1405 3739; baseline -0.005 -24"><span class='ocrx_word' id='word_1_162' title='bbox 355 3644 632 3739; x_wconf 90' lang='lat' dir='ltr'>sollicitatusque</span> <span class='ocrx_word' id='word_1_163' title='bbox 647 3655 763 3733; x_wconf 88' lang='lat' dir='ltr'>esset,</span> <span class='ocrx_word' id='word_1_164' title='bbox 783 3664 866 3712; x_wconf 91' lang='lat' dir='ltr'>cum</span> <span class='ocrx_word' id='word_1_165' title='bbox 883 3641 1037 3713; x_wconf 82' lang='lat' dir='ltr'>exercitu</span> <span class='ocrx_word' id='word_1_166' title='bbox 1053 3663 1175 3712; x_wconf 86' lang='lat' dir='ltr'>versus</span> <span class='ocrx_word' id='word_1_167' title='bbox 1195 3638 1405 3736; x_wconf 86' lang='lat' dir='ltr'>Lugdunum</span> 
     </span>
     <span class='ocr_line' id='line_1_26' title="bbox 356 3755 1407 3858; baseline -0.007 -25"><span class='ocrx_word' id='word_1_168' title='bbox 356 3761 463 3858; x_wconf 85' lang='lat' dir='ltr'>atque</span> <span class='ocrx_word' id='word_1_169' title='bbox 487 3761 662 3832; x_wconf 86' lang='lat' dir='ltr'>Viennam</span> <span class='ocrx_word' id='word_1_170' title='bbox 696 3757 902 3846; x_wconf 77' lang='lat' dir='ltr'>contendit3</span> <span class='ocrx_word' id='word_1_171' title='bbox 939 3755 1002 3828; x_wconf 89' lang='lat' dir='ltr'>ubi</span> <span class='ocrx_word' id='word_1_172' title='bbox 1033 3779 1116 3827; x_wconf 92' lang='lat' dir='ltr'>cum</span> <span class='ocrx_word' id='word_1_173' title='bbox 1154 3755 1407 3854; x_wconf 90' lang='lat' dir='ltr'>aliquantisper</span> 
     </span>
     <span class='ocr_line' id='line_1_27' title="bbox 357 3873 1407 3974; baseline -0.005 -24"><span class='ocrx_word' id='word_1_174' title='bbox 357 3895 555 3954; x_wconf 88' lang='lat' dir='ltr'>remoratus</span> <span class='ocrx_word' id='word_1_175' title='bbox 571 3892 678 3970; x_wconf 88' lang='lat' dir='ltr'>esset,</span> <span class='ocrx_word' id='word_1_176' title='bbox 697 3878 846 3950; x_wconf 87' lang='lat' dir='ltr'>credens</span> <span class='ocrx_word' id='word_1_177' title='bbox 861 3875 1022 3974; x_wconf 87' lang='lat' dir='ltr'>ejusdem</span> <span class='ocrx_word' id='word_1_178' title='bbox 1038 3874 1100 3946; x_wconf 83' lang='lat' dir='ltr'>filii</span> <span class='ocrx_word' id='word_1_179' title='bbox 1115 3874 1170 3946; x_wconf 88' lang='lat' dir='ltr'>sui</span> <span class='ocrx_word' id='word_1_180' title='bbox 1185 3875 1344 3946; x_wconf 89' lang='lat' dir='ltr'>animum</span> <span class='ocrx_word' id='word_1_181' title='bbox 1361 3873 1407 3946; x_wconf 88' lang='lat' dir='ltr'>de</span> 
     </span>
     <span class='ocr_line' id='line_1_28' title="bbox 357 3989 1407 4092; baseline -0.004 -26"><span class='ocrx_word' id='word_1_182' title='bbox 357 4020 423 4067; x_wconf 89' lang='lat' dir='ltr'>suo</span> <span class='ocrx_word' id='word_1_183' title='bbox 446 3997 613 4070; x_wconf 76' lang='lat' dir='ltr'>exterreri</span> <span class='ocrx_word' id='word_1_184' title='bbox 628 3995 813 4086; x_wconf 80' lang='lat' dir='ltr'>adventu¹,</span> <span class='ocrx_word' id='word_1_185' title='bbox 832 3991 879 4065; x_wconf 90' lang='lat' dir='ltr'>ad</span> <span class='ocrx_word' id='word_1_186' title='bbox 894 4006 1151 4092; x_wconf 86' lang='lat' dir='ltr'>paternamque</span> <span class='ocrx_word' id='word_1_187' title='bbox 1167 3989 1407 4063; x_wconf 86' lang='lat' dir='ltr'>obedientiam</span> 
     </span>
     <span class='ocr_line' id='line_1_29' title="bbox 358 4107 1409 4207; baseline -0.001 -26"><span class='ocrx_word' id='word_1_188' title='bbox 358 4135 401 4182; x_wconf 88' lang='lat' dir='ltr'>ac</span> <span class='ocrx_word' id='word_1_189' title='bbox 426 4114 660 4187; x_wconf 86' lang='lat' dir='ltr'>reverentiam</span> <span class='ocrx_word' id='word_1_190' title='bbox 679 4110 736 4184; x_wconf 82' lang='lat' dir='ltr'>vel</span> <span class='ocrx_word' id='word_1_191' title='bbox 761 4111 812 4183; x_wconf 87' lang='lat' dir='ltr'>sic</span> <span class='ocrx_word' id='word_1_192' title='bbox 832 4109 964 4184; x_wconf 89' lang='lat' dir='ltr'>debere</span> <span class='ocrx_word' id='word_1_193' title='bbox 988 4107 1161 4200; x_wconf 91' lang='lat' dir='ltr'>emolliri,</span> <span class='ocrx_word' id='word_1_194' title='bbox 1185 4108 1306 4207; x_wconf 90' lang='lat' dir='ltr'>copias</span> <span class='ocrx_word' id='word_1_195' title='bbox 1329 4131 1409 4180; x_wconf 90' lang='lat' dir='ltr'>suas</span> 
     </span>
    </p>
   </div>
   <div class='ocr_carea' id='block_1_2' title="bbox 360 4314 1411 4662">
    <p class='ocr_par' dir='ltr' id='par_1_3' title="bbox 360 4314 1411 4662">
     <span class='ocr_line' id='line_1_30' title="bbox 402 4314 1411 4398; baseline -0.001 -21"><span class='ocrx_word' id='word_1_196' title='bbox 402 4324 429 4377; x_wconf 88' lang='lat' dir='ltr'>l.</span> <span class='ocrx_word' id='word_1_197' title='bbox 452 4320 620 4398; x_wconf 85' lang='lat' dir='ltr'>Septembre</span> <span class='ocrx_word' id='word_1_198' title='bbox 630 4325 643 4378; x_wconf 84' lang='lat' dir='ltr'>t</span> <span class='ocrx_word' id='word_1_199' title='bbox 652 4323 718 4379; x_wconf 79' lang='lat' dir='ltr'>tau.</span> <span class='ocrx_word' id='word_1_200' title='bbox 735 4323 871 4378; x_wconf 83' lang='lat' dir='ltr'>L&#39;auteur</span> <span class='ocrx_word' id='word_1_201' title='bbox 883 4316 1043 4378; x_wconf 80' lang='lat' dir='ltr'>intervertit</span> <span class='ocrx_word' id='word_1_202' title='bbox 1057 4316 1097 4374; x_wconf 89' lang='lat' dir='ltr'>les</span> <span class='ocrx_word' id='word_1_203' title='bbox 1111 4315 1184 4374; x_wconf 82' lang='lat' dir='ltr'>iaits.</span> <span class='ocrx_word' id='word_1_204' title='bbox 1198 4317 1239 4374; x_wconf 83' lang='lat' dir='ltr'>Le</span> <span class='ocrx_word' id='word_1_205' title='bbox 1250 4314 1308 4388; x_wconf 91' lang='lat' dir='ltr'>roi,</span> <span class='ocrx_word' id='word_1_206' title='bbox 1323 4327 1411 4376; x_wconf 78' lang='lat' dir='ltr'>avant</span> 
     </span>
     <span class='ocr_line' id='line_1_31' title="bbox 360 4401 1411 4483; baseline -0.002 -17"><span class='ocrx_word' id='word_1_207' title='bbox 360 4407 398 4468; x_wconf 89' lang='lat' dir='ltr'>de</span> <span class='ocrx_word' id='word_1_208' title='bbox 419 4427 451 4466; x_wconf 88' lang='lat' dir='ltr'>se</span> <span class='ocrx_word' id='word_1_209' title='bbox 472 4420 574 4466; x_wconf 85' lang='lat' dir='ltr'>mettre</span> <span class='ocrx_word' id='word_1_210' title='bbox 588 4428 624 4466; x_wconf 82' lang='lat' dir='ltr'>en</span> <span class='ocrx_word' id='word_1_211' title='bbox 640 4422 736 4479; x_wconf 84' lang='lat' dir='ltr'>route,</span> <span class='ocrx_word' id='word_1_212' title='bbox 752 4407 829 4466; x_wconf 80' lang='lat' dir='ltr'>avait</span> <span class='ocrx_word' id='word_1_213' title='bbox 844 4405 956 4483; x_wconf 74' lang='lat' dir='ltr'>envoyi</span> <span class='ocrx_word' id='word_1_214' title='bbox 970 4405 1093 4464; x_wconf 79' lang='lat' dir='ltr'>dntoiue</span> <span class='ocrx_word' id='word_1_215' title='bbox 1108 4403 1145 4462; x_wconf 88' lang='lat' dir='ltr'>de</span> <span class='ocrx_word' id='word_1_216' title='bbox 1161 4401 1329 4464; x_wconf 68' lang='lat' dir='ltr'>Cbmaunes</span> <span class='ocrx_word' id='word_1_217' title='bbox 1339 4423 1411 4465; x_wconf 84' lang='lat' dir='ltr'>avec</span> 
     </span>
     <span class='ocr_line' id='line_1_32' title="bbox 360 4490 1411 4574; baseline -0.003 -19"><span class='ocrx_word' id='word_1_218' title='bbox 360 4496 468 4556; x_wconf 87' lang='lat' dir='ltr'>l’ordre</span> <span class='ocrx_word' id='word_1_219' title='bbox 481 4495 620 4554; x_wconf 73' lang='lat' dir='ltr'>d’mtur</span> <span class='ocrx_word' id='word_1_220' title='bbox 632 4497 659 4554; x_wconf 85' lang='lat' dir='ltr'>le</span> <span class='ocrx_word' id='word_1_221' title='bbox 672 4495 811 4574; x_wconf 73' lang='lat' dir='ltr'>deuphio.</span> <span class='ocrx_word' id='word_1_222' title='bbox 834 4497 910 4554; x_wconf 78' lang='lat' dir='ltr'>C’est</span> <span class='ocrx_word' id='word_1_223' title='bbox 929 4492 1071 4551; x_wconf 75' lang='lat' dir='ltr'>li-dessus</span> <span class='ocrx_word' id='word_1_224' title='bbox 1091 4509 1149 4568; x_wconf 87' lang='lat' dir='ltr'>que</span> <span class='ocrx_word' id='word_1_225' title='bbox 1169 4490 1284 4551; x_wconf 85' lang='lat' dir='ltr'>celui-ci</span> <span class='ocrx_word' id='word_1_226' title='bbox 1305 4493 1362 4574; x_wconf 81' lang='lat' dir='ltr'>prit</span> <span class='ocrx_word' id='word_1_227' title='bbox 1382 4492 1411 4552; x_wconf 80' lang='lat' dir='ltr'>la</span> 
     </span>
     <span class='ocr_line' id='line_1_33' title="bbox 361 4579 1245 4662; baseline -0.007 -17"><span class='ocrx_word' id='word_1_228' title='bbox 361 4587 450 4660; x_wconf 73' lang='lat' dir='ltr'>inite,</span> <span class='ocrx_word' id='word_1_229' title='bbox 465 4585 486 4645; x_wconf 89' lang='lat' dir='ltr'>il</span> <span class='ocrx_word' id='word_1_230' title='bbox 500 4583 569 4644; x_wconf 83' lang='lat' dir='ltr'>e&#39;tait</span> <span class='ocrx_word' id='word_1_231' title='bbox 580 4585 672 4662; x_wconf 80' lang='lat' dir='ltr'>parti,</span> <span class='ocrx_word' id='word_1_232' title='bbox 687 4585 803 4660; x_wconf 80' lang='lat' dir='ltr'>lorsque</span> <span class='ocrx_word' id='word_1_233' title='bbox 815 4581 934 4644; x_wconf 79' lang='lat' dir='ltr'>charles</span> <span class='ocrx_word' id='word_1_234' title='bbox 945 4585 998 4640; x_wconf 86' lang='lat' dir='ltr'>vu</span> <span class='ocrx_word' id='word_1_235' title='bbox 1013 4579 1138 4639; x_wconf 75' lang='lat' dir='ltr'>arrival</span> <span class='ocrx_word' id='word_1_236' title='bbox 1154 4583 1245 4657; x_wconf 81' lang='lat' dir='ltr'>Lyca.</span> 
     </span>
    </p>
   </div>
   <div class='ocr_carea' id='block_1_3' title="bbox 0 0 1983 5892">
    <p class='ocr_par' dir='ltr' id='par_1_4' title="bbox 0 0 1983 5892">
     <span class='ocr_line' id='line_1_34' title="bbox 0 0 1983 5892; baseline 0 0"><span class='ocrx_word' id='word_1_237' title='bbox 0 0 1983 5892; x_wconf 95' lang='lat' dir='ltr'> </span> 
     </span>
    </p>
   </div>
  </div>
 </body>
</html>
