3892 5892
474 885 514 943 Ν
749 881 1009 943 mstomsltttn
1028 882 1166 944 GAROH
1186 883 1239 941 vn

475 1007 573 1095 unde
591 1005 768 1082 creditum
785 1021 840 1080 est
858 1005 955 1080 hanc
971 1005 1112 1080 cladem
1130 1007 1274 1082 Francis
1291 1007 1462 1082 divinitus
1477 1007 1537 1079 in-

474 1125 608 1198 flictam
628 1149 696 1223 pro
710 1123 845 1198 meritis
868 1122 1093 1221 impietatum
1111 1136 1148 1196 et
1163 1123 1432 1215 crudelitatum,
1451 1145 1539 1221 quas

474 1255 552 1313 tum
562 1240 601 1314 in
620 1241 776 1330 multos,
792 1253 871 1311 turn
883 1238 1067 1338 potissime
1079 1239 1118 1311 in
1134 1239 1226 1312 illius
1241 1239 1341 1313 urbis
1354 1241 1539 1314 eversione

473 1374 583 1458 atque
596 1384 780 1434 sacrorum
794 1357 1010 1458 direptione,
1022 1359 1292 1432 commiserant.
1303 1365 1356 1434 De
1370 1385 1444 1459 qno
1458 1384 1539 1433 sen·

473 1483 537 1558 tiet
561 1483 714 1581 quisque
733 1493 843 1580 prout
866 1478 1040 1572 voluerit;
1072 1504 1140 1552 nos
1168 1481 1265 1553 enim
1282 1506 1403 1554 rerum
1426 1495 1539 1580 gesta·

473 1622 556 1671 rum
577 1596 736 1671 veridica
752 1596 960 1670 narratione
984 1597 1169 1690 contenti,
1193 1620 1323 1670 arcana
1339 1597 1540 1671 Divinitatis

473 1741 585 1818 opera
606 1717 684 1790 aliis
709 1714 952 1807 discutienda,
971 1715 1035 1816 qui
1052 1715 1125 1789 hoc
1142 1718 1458 1817 presumpserint,
1485 1743 1541 1792 re·

473 1837 685 1937 linquimus.

523 1963 564 2030 lo
576 1981 621 2031 eo
632 1955 838 2057 proeliodux
847 1957 1047 2051 Britanniae,
1059 1956 1256 2047 Johannes,
1266 1956 1350 2030 licet
1359 1972 1539 2050 evocatus,

475 2100 552 2148 non
569 2073 701 2168 adiirit3
717 2071 799 2164 sed,
817 2099 901 2148 cum
918 2073 1101 2148 Ambianis
1118 2097 1232 2172 usque
1246 2071 1447 2148 devenisset
1458 2100 1542 2150 cum

475 2215 609 2290 magno
625 2213 774 2265 suorum
793 2191 982 2263 Britonum
997 2213 1169 2282 numero,
1183 2191 1245 2289 qui
1260 2188 1308 2264 ad
1321 2189 1447 2264 decem
1463 2190 1543 2264 mil·

475 2307 525 2382 lia
541 2309 701 2380 virorum
726 2306 970 2380 communiter
994 2305 1278 2400 estimabantur,
1302 2305 1374 2380 illic
1391 2309 1543 2409 experiri

477 2422 603 2497 maluit
621 2421 708 2495 belli
728 2436 917 2512 eventum,
934 2445 1045 2520 quom
1067 2447 1105 2495 se
1126 2422 1276 2520 propius
1294 2422 1460 2521 periculis
1474 2424 1542 2498 ad-

476 2565 638 2615 movere.
664 2538 837 2613 Confecto
865 2563 1024 2636 namque
1054 2536 1182 2638 proelio
1204 2536 1252 2610 ad
1276 2539 1445 2637 propria,
1468 2565 1542 2613 non

477 2661 555 2733 sine
579 2683 693 2759 parvo
718 2657 885 2732 locorum
906 2654 1143 2747 detrimento,
1163 2679 1228 2754 per
1254 2677 1334 2753 quae
1354 2658 1542 2731 transitum

479 2774 649 2863 faciebat,
665 2796 734 2844 nec
747 2773 831 2845 visis
843 2769 991 2869 quidem
1002 2767 1185 2863 hostibus,
1203 2771 1386 2844 remeavit.
1491 2847 1493 2852 ,

846 3072 1106 3144 CAPITULUM
1130 3074 1175 3143 X.

478 3265 757 3338 thitenngiornm
764 3280 821 3332 rex,
829 3274 970 3335 postquam
977 3261 1249 3335 prolinmperactum
1260 3263 1320 3335 init,
1328 3263 1451 3338 Anglianr
1459 3267 1543 3338 petiit.

514 3357 549 3412 Et
568 3353 815 3427 quainterirntam
833 3369 882 3424 per
899 3368 1072 3423 eum,qmm
1088 3371 1137 3425 per
1151 3353 1285 3420 Francos,
1303 3367 1374 3426 gesta
1386 3355 1546 3428 fumintper

514 3444 654 3500 biennium
664 3484 673 3512 ,
682 3460 738 3514 qno
748 3441 778 3495 in
787 3440 882 3514 Angiia
891 3442 971 3494 stetit.

530 3629 753 3698 Cumautem
764 3617 881 3692 dictus
898 3617 1095 3715 Anglornm
1107 3643 1188 3714 rex,
1206 3643 1247 3693 ex
1263 3620 1414 3698 victoria
1426 3624 1546 3724 hujus·

481 3739 626 3816 cemodi
640 3761 716 3811 non
731 3733 961 3808 mediocriter
972 3733 1099 3828 elatus,
1117 3757 1202 3809 cum
1214 3739 1363 3838 captivis
1379 3754 1415 3814 et
1426 3743 1546 3842 praeda

482 3856 596 3930 multa
611 3855 649 3927 in
667 3849 828 3951 Angliam
846 3875 884 3923 se
904 3852 1114 3952 recepisset,
1134 3879 1209 3928 non
1230 3879 1271 3928 ea
1292 3863 1546 3935 tantummodo

481 3999 604 4049 rerum
618 3969 783 4046 felicitate
796 3982 1006 4060 contentus,
1020 3968 1066 4042 ad
1079 3971 1178 4069 pacis
1193 3972 1267 4045 otia
1279 3977 1452 4074 etquietis
1468 4003 1547 4051 sua·

481 4091 629 4164 vitatem
654 4112 692 4161 se
715 4085 887 4175 contulit,
912 4082 977 4157 sed
1003 4085 1139 4183 majora
1166 4089 1291 4161 animo
1316 4092 1485 4186 volvens,
1511 4109 1547 4168 et

483 4231 564 4305 quae
586 4203 654 4277 sibi
667 4203 762 4301 jam,
784 4200 943 4275 secunda
964 4200 1125 4297 fortuna,
1145 4219 1248 4304 parta
1269 4205 1428 4296 fuerant,
1446 4213 1545 4309 parvi
1641 4200 1646 4211 ⁶

481 4322 633 4408 taciens,
657 4321 705 4395 ad
722 4317 1004 4419 aggrediendum
1020 4319 1141 4395 denuo
1153 4325 1373 4398 Francorum
1395 4349 1544 4426 regnum

481 4453 590 4538 atque
610 4437 884 4529 Normaoniam,
899 4442 999 4536 quae¹
1010 4437 1057 4512 ad
1067 4463 1105 4513 se
1113 4439 1195 4539 jure
1208 4439 1434 4518 hereditario
1449 4469 1547 4545 spec·

523 4638 555 4696 t.
577 4637 657 4713 Quas
669 4633 742 4696 dans
756 4634 785 4697 ie
799 4633 966 4698 mmmcrit.
