<?xml version="1.0" encoding="UTF-8"?>
<!DOCTYPE html PUBLIC "-//W3C//DTD XHTML 1.0 Transitional//EN"
    "http://www.w3.org/TR/xhtml1/DTD/xhtml1-transitional.dtd">
<html xmlns="http://www.w3.org/1999/xhtml" xml:lang="en" lang="en">
 <head>
  <title>
</title>
<meta http-equiv="Content-Type" content="text/html;charset=utf-8" />
  <meta name='ocr-system' content='tesseract 3.04.00' />
  <meta name='ocr-capabilities' content='ocr_page ocr_carea ocr_par ocr_line ocrx_word'/>
</head>
<body>
  <div class='ocr_page' id='page_1' title='image "./histoiredesrgne01amelgoog_0353.png"; bbox 0 0 3892 5892; ppageno 0'>
   <div class='ocr_carea' id='block_1_1' title="bbox 387 894 1450 2623">
    <p class='ocr_par' dir='ltr' id='par_1_1' title="bbox 387 894 1450 2623">
     <span class='ocr_line' id='line_1_1' title="bbox 757 894 1450 957; baseline 0 -2"><span class='ocrx_word' id='word_1_1' title='bbox 757 896 885 955; x_wconf 68' lang='lat' dir='ltr'><strong>&#39;lm</strong></span> <span class='ocrx_word' id='word_1_2' title='bbox 901 894 1065 957; x_wconf 73' lang='lat' dir='ltr'><strong>mutus.</strong></span> <span class='ocrx_word' id='word_1_3' title='bbox 1392 897 1450 957; x_wconf 70' lang='grc'><strong>188</strong></span> 
     </span>
     <span class='ocr_line' id='line_1_2' title="bbox 396 1002 1449 1117; baseline 0 -26"><span class='ocrx_word' id='word_1_4' title='bbox 396 1019 508 1117; x_wconf 75' lang='lat' dir='ltr'><strong>magis</strong></span> <span class='ocrx_word' id='word_1_5' title='bbox 522 1022 742 1091; x_wconf 62' lang='lat' dir='ltr'><strong>bunuorum</strong></span> <span class='ocrx_word' id='word_1_6' title='bbox 755 1040 923 1115; x_wconf 82' lang='lat' dir='ltr'><strong>regnum,</strong></span> <span class='ocrx_word' id='word_1_7' title='bbox 951 1002 1063 1115; x_wconf 79' lang='lat' dir='ltr'><strong>quum</strong></span> <span class='ocrx_word' id='word_1_8' title='bbox 1083 1018 1298 1112; x_wconf 68' lang='lat' dir='ltr'><strong>angiorum,</strong></span> <span class='ocrx_word' id='word_1_9' title='bbox 1317 1021 1449 1091; x_wconf 82' lang='lat' dir='ltr'><strong>uentri-</strong></span> 
     </span>
     <span class='ocr_line' id='line_1_3' title="bbox 396 1134 1450 1233; baseline 0 -24"><span class='ocrx_word' id='word_1_10' title='bbox 396 1134 774 1233; x_wconf 63' lang='lat' dir='ltr'><strong>tnm&#39;exitaustnmque</strong></span> <span class='ocrx_word' id='word_1_11' title='bbox 787 1148 875 1207; x_wconf 84' lang='lat' dir='ltr'><strong>erat.</strong></span> <span class='ocrx_word' id='word_1_12' title='bbox 903 1138 981 1207; x_wconf 85' lang='lat' dir='ltr'><strong>imo</strong></span> <span class='ocrx_word' id='word_1_13' title='bbox 997 1148 1085 1207; x_wconf 84' lang='lat' dir='ltr'><strong>tunc</strong></span> <span class='ocrx_word' id='word_1_14' title='bbox 1100 1135 1253 1207; x_wconf 84' lang='lat' dir='ltr'><strong>maxime</strong></span> <span class='ocrx_word' id='word_1_15' title='bbox 1268 1134 1398 1209; x_wconf 81' lang='lat' dir='ltr'><strong>divitiis</strong></span> <span class='ocrx_word' id='word_1_16' title='bbox 1413 1150 1450 1209; x_wconf 87' lang='lat' dir='ltr'><strong>et</strong></span> 
     </span>
     <span class='ocr_line' id='line_1_4' title="bbox 396 1235 1450 1351; baseline 0.001 -28"><span class='ocrx_word' id='word_1_17' title='bbox 396 1250 545 1351; x_wconf 84' lang='lat' dir='ltr'><strong>opibus,</strong></span> <span class='ocrx_word' id='word_1_18' title='bbox 558 1266 637 1323; x_wconf 88' lang='lat' dir='ltr'><strong>tum</strong></span> <span class='ocrx_word' id='word_1_19' title='bbox 652 1248 700 1323; x_wconf 89' lang='lat' dir='ltr'><strong>de</strong></span> <span class='ocrx_word' id='word_1_20' title='bbox 708 1249 831 1350; x_wconf 84' lang='lat' dir='ltr'><strong>spoiiis</strong></span> <span class='ocrx_word' id='word_1_21' title='bbox 843 1235 1001 1323; x_wconf 83' lang='lat' dir='ltr'><strong>Franoiae</strong></span> <span class='ocrx_word' id='word_1_22' title='bbox 1012 1250 1194 1327; x_wconf 75' lang='lat' dir='ltr'><strong>immensu</strong></span> <span class='ocrx_word' id='word_1_23' title='bbox 1208 1250 1450 1324; x_wconf 72' lang='lat' dir='ltr'><strong>estimationis</strong></span> 
     </span>
     <span class='ocr_line' id='line_1_5' title="bbox 396 1366 1447 1468; baseline 0.002 -29"><span class='ocrx_word' id='word_1_24' title='bbox 396 1369 435 1439; x_wconf 90' lang='lat' dir='ltr'><strong>in</strong></span> <span class='ocrx_word' id='word_1_25' title='bbox 450 1366 611 1467; x_wconf 76' lang='lat' dir='ltr'><strong>Angiiam</strong></span> <span class='ocrx_word' id='word_1_26' title='bbox 631 1369 796 1461; x_wconf 82' lang='lat' dir='ltr'><strong>inuectis,</strong></span> <span class='ocrx_word' id='word_1_27' title='bbox 815 1382 891 1439; x_wconf 87' lang='lat' dir='ltr'><strong>tum</strong></span> <span class='ocrx_word' id='word_1_28' title='bbox 911 1382 950 1440; x_wconf 83' lang='lat' dir='ltr'><strong>et</strong></span> <span class='ocrx_word' id='word_1_29' title='bbox 964 1369 1144 1441; x_wconf 78' lang='lat' dir='ltr'><strong>vatianum</strong></span> <span class='ocrx_word' id='word_1_30' title='bbox 1170 1380 1206 1441; x_wconf 84' lang='lat' dir='ltr'><strong>et</strong></span> <span class='ocrx_word' id='word_1_31' title='bbox 1228 1368 1447 1468; x_wconf 84' lang='lat' dir='ltr'><strong>locupletum</strong></span> 
     </span>
     <span class='ocr_line' id='line_1_6' title="bbox 396 1484 1448 1585; baseline 0.004 -28"><span class='ocrx_word' id='word_1_32' title='bbox 396 1508 465 1557; x_wconf 86' lang='lat' dir='ltr'><strong>usn</strong></span> <span class='ocrx_word' id='word_1_33' title='bbox 482 1508 527 1561; x_wconf 83' lang='lat' dir='ltr'><strong>ac</strong></span> <span class='ocrx_word' id='word_1_34' title='bbox 544 1485 741 1583; x_wconf 63' lang='lat' dir='ltr'><strong>nequem</strong></span> <span class='ocrx_word' id='word_1_35' title='bbox 756 1484 1061 1582; x_wconf 70' lang='lat' dir='ltr'><strong>negotiationum,</strong></span> <span class='ocrx_word' id='word_1_36' title='bbox 1079 1486 1155 1585; x_wconf 83' lang='lat' dir='ltr'><strong>ipss</strong></span> <span class='ocrx_word' id='word_1_37' title='bbox 1176 1486 1301 1583; x_wconf 80' lang='lat' dir='ltr'><strong>Angiia&#39;</strong></span> <span class='ocrx_word' id='word_1_38' title='bbox 1319 1486 1448 1561; x_wconf 83' lang='lat' dir='ltr'><strong>florere</strong></span> 
     </span>
     <span class='ocr_line' id='line_1_7' title="bbox 387 1600 1449 1701; baseline 0 -28"><span class='ocrx_word' id='word_1_39' title='bbox 387 1600 619 1682; x_wconf 69' lang='lat' dir='ltr'><strong>‚semebamn</strong></span> <span class='ocrx_word' id='word_1_40' title='bbox 646 1603 735 1691; x_wconf 77' lang='lat' dir='ltr'><strong>Qum</strong></span> <span class='ocrx_word' id='word_1_41' title='bbox 759 1600 925 1675; x_wconf 87' lang='lat' dir='ltr'><strong>intestina</strong></span> <span class='ocrx_word' id='word_1_42' title='bbox 949 1622 1096 1701; x_wconf 81' lang='lat' dir='ltr'><strong>prorstu</strong></span> <span class='ocrx_word' id='word_1_43' title='bbox 1122 1600 1220 1675; x_wconf 86' lang='lat' dir='ltr'><strong>nulia</strong></span> <span class='ocrx_word' id='word_1_44' title='bbox 1244 1600 1338 1675; x_wconf 83' lang='lat' dir='ltr'><strong>belia</strong></span> <span class='ocrx_word' id='word_1_45' title='bbox 1362 1616 1449 1674; x_wconf 86' lang='lat' dir='ltr'><strong>tuno</strong></span> 
     </span>
     <span class='ocr_line' id='line_1_8' title="bbox 396 1706 1449 1816; baseline -0.001 -23"><span class='ocrx_word' id='word_1_46' title='bbox 396 1715 570 1811; x_wconf 71' lang='lat' dir='ltr'><strong>habebat,</strong></span> <span class='ocrx_word' id='word_1_47' title='bbox 585 1721 625 1791; x_wconf 86' lang='lat' dir='ltr'><strong>in</strong></span> <span class='ocrx_word' id='word_1_48' title='bbox 642 1706 743 1793; x_wconf 77' lang='lat' dir='ltr'><strong>terris</strong></span> <span class='ocrx_word' id='word_1_49' title='bbox 758 1733 885 1793; x_wconf 84' lang='lat' dir='ltr'><strong>sutem</strong></span> <span class='ocrx_word' id='word_1_50' title='bbox 897 1716 1093 1793; x_wconf 68' lang='lat' dir='ltr'><strong>Guttamm</strong></span> <span class='ocrx_word' id='word_1_51' title='bbox 1108 1717 1172 1791; x_wconf 92' lang='lat' dir='ltr'><strong>diu</strong></span> <span class='ocrx_word' id='word_1_52' title='bbox 1185 1716 1280 1794; x_wconf 81' lang='lat' dir='ltr'><strong>heila</strong></span> <span class='ocrx_word' id='word_1_53' title='bbox 1296 1734 1449 1816; x_wconf 79' lang='lat' dir='ltr'><strong>gesserat</strong></span> 
     </span>
     <span class='ocr_line' id='line_1_9' title="bbox 395 1834 1445 1934; baseline 0.003 -29"><span class='ocrx_word' id='word_1_54' title='bbox 395 1834 481 1905; x_wconf 81' lang='lat' dir='ltr'><strong>satis</strong></span> <span class='ocrx_word' id='word_1_55' title='bbox 493 1834 652 1925; x_wconf 74' lang='lat' dir='ltr'><strong>feliciter,</strong></span> <span class='ocrx_word' id='word_1_56' title='bbox 666 1834 764 1907; x_wconf 85' lang='lat' dir='ltr'><strong>unde</strong></span> <span class='ocrx_word' id='word_1_57' title='bbox 773 1858 862 1934; x_wconf 82' lang='lat' dir='ltr'><strong>opes</strong></span> <span class='ocrx_word' id='word_1_58' title='bbox 875 1855 977 1934; x_wconf 77' lang='lat' dir='ltr'><strong>pene</strong></span> <span class='ocrx_word' id='word_1_59' title='bbox 991 1835 1197 1907; x_wconf 75' lang='lat' dir='ltr'><strong>innumeras</strong></span> <span class='ocrx_word' id='word_1_60' title='bbox 1210 1848 1445 1909; x_wconf 75' lang='lat' dir='ltr'><strong>contraxerat.</strong></span> 
     </span>
     <span class='ocr_line' id='line_1_10' title="bbox 397 1949 1448 2049; baseline 0.006 -30"><span class='ocrx_word' id='word_1_61' title='bbox 397 1950 673 2041; x_wconf 85' lang='lat' dir='ltr'><strong>Verumtamen,</strong></span> <span class='ocrx_word' id='word_1_62' title='bbox 700 1964 741 2022; x_wconf 87' lang='lat' dir='ltr'><strong>ut</strong></span> <span class='ocrx_word' id='word_1_63' title='bbox 768 1952 946 2041; x_wconf 77' lang='lat' dir='ltr'>diximus,</span> <span class='ocrx_word' id='word_1_64' title='bbox 969 1949 1092 2047; x_wconf 86' lang='lat' dir='ltr'><strong>quoad</strong></span> <span class='ocrx_word' id='word_1_65' title='bbox 1114 1970 1178 2023; x_wconf 80' lang='lat' dir='ltr'><strong>res</strong></span> <span class='ocrx_word' id='word_1_66' title='bbox 1192 1949 1337 2023; x_wconf 86' lang='lat' dir='ltr'><strong>beiiicss</strong></span> <span class='ocrx_word' id='word_1_67' title='bbox 1359 1972 1448 2049; x_wconf 83' lang='lat' dir='ltr'><strong>quus</strong></span> 
     </span>
     <span class='ocr_line' id='line_1_11' title="bbox 396 2064 1448 2162; baseline 0.001 -25"><span class='ocrx_word' id='word_1_68' title='bbox 396 2067 567 2161; x_wconf 77' lang='lat' dir='ltr'><strong>gerebant</strong></span> <span class='ocrx_word' id='word_1_69' title='bbox 577 2068 614 2136; x_wconf 93' lang='lat' dir='ltr'><strong>in</strong></span> <span class='ocrx_word' id='word_1_70' title='bbox 625 2064 761 2154; x_wconf 81' lang='lat' dir='ltr'><strong>Gallia,</strong></span> <span class='ocrx_word' id='word_1_71' title='bbox 779 2065 887 2162; x_wconf 82' lang='lat' dir='ltr'><strong>longe</strong></span> <span class='ocrx_word' id='word_1_72' title='bbox 896 2078 986 2137; x_wconf 82' lang='lat' dir='ltr'><strong>tuno</strong></span> <span class='ocrx_word' id='word_1_73' title='bbox 1001 2064 1148 2137; x_wconf 83' lang='lat' dir='ltr'><strong>andacia</strong></span> <span class='ocrx_word' id='word_1_74' title='bbox 1157 2078 1200 2137; x_wconf 89' lang='lat' dir='ltr'><strong>-et</strong></span> <span class='ocrx_word' id='word_1_75' title='bbox 1211 2064 1346 2139; x_wconf 85' lang='lat' dir='ltr'><strong>viribus</strong></span> <span class='ocrx_word' id='word_1_76' title='bbox 1359 2066 1448 2138; x_wconf 78' lang='lat' dir='ltr'><strong>inis·</strong></span> 
     </span>
     <span class='ocr_line' id='line_1_12' title="bbox 395 2180 1450 2283; baseline 0.001 -31"><span class='ocrx_word' id='word_1_77' title='bbox 395 2180 509 2283; x_wconf 65' lang='lat' dir='ltr'><strong>notes</strong></span> <span class='ocrx_word' id='word_1_78' title='bbox 527 2196 644 2274; x_wconf 86' lang='lat' dir='ltr'><strong>erant,</strong></span> <span class='ocrx_word' id='word_1_79' title='bbox 669 2204 778 2279; x_wconf 91' lang='lat' dir='ltr'><strong>quam</strong></span> <span class='ocrx_word' id='word_1_80' title='bbox 793 2182 918 2281; x_wconf 84' lang='lat' dir='ltr'><strong>priscis</strong></span> <span class='ocrx_word' id='word_1_81' title='bbox 936 2180 1085 2253; x_wconf 83' lang='lat' dir='ltr'><strong>inissent</strong></span> <span class='ocrx_word' id='word_1_82' title='bbox 1105 2180 1342 2281; x_wconf 78' lang='lat' dir='ltr'><strong>temporibus.</strong></span> <span class='ocrx_word' id='word_1_83' title='bbox 1361 2186 1450 2253; x_wconf 87' lang='lat' dir='ltr'><strong>Cor·</strong></span> 
     </span>
     <span class='ocr_line' id='line_1_13' title="bbox 396 2292 1450 2395; baseline 0.003 -30"><span class='ocrx_word' id='word_1_84' title='bbox 396 2296 493 2392; x_wconf 83' lang='lat' dir='ltr'><strong>rupti</strong></span> <span class='ocrx_word' id='word_1_85' title='bbox 507 2297 605 2367; x_wconf 84' lang='lat' dir='ltr'><strong>enim</strong></span> <span class='ocrx_word' id='word_1_86' title='bbox 617 2292 674 2369; x_wconf 89' lang='lat' dir='ltr'><strong>his</strong></span> <span class='ocrx_word' id='word_1_87' title='bbox 687 2296 801 2390; x_wconf 80' lang='lat' dir='ltr'><strong>vitiis,</strong></span> <span class='ocrx_word' id='word_1_88' title='bbox 816 2321 949 2395; x_wconf 86' lang='lat' dir='ltr'><strong>qnaeex</strong></span> <span class='ocrx_word' id='word_1_89' title='bbox 961 2295 1072 2368; x_wconf 79' lang='lat' dir='ltr'><strong>rebus</strong></span> <span class='ocrx_word' id='word_1_90' title='bbox 1082 2295 1248 2371; x_wconf 86' lang='lat' dir='ltr'><strong>secundis</strong></span> <span class='ocrx_word' id='word_1_91' title='bbox 1264 2298 1450 2394; x_wconf 84' lang='lat' dir='ltr'><strong>provenire</strong></span> 
     </span>
     <span class='ocr_line' id='line_1_14' title="bbox 397 2412 1450 2510; baseline 0.001 -28"><span class='ocrx_word' id='word_1_92' title='bbox 397 2412 533 2505; x_wconf 79' lang='lat' dir='ltr'><strong>solent,</strong></span> <span class='ocrx_word' id='word_1_93' title='bbox 551 2414 742 2485; x_wconf 80' lang='lat' dir='ltr'><strong>avaritiaet</strong></span> <span class='ocrx_word' id='word_1_94' title='bbox 757 2412 914 2505; x_wconf 79' lang='lat' dir='ltr'><strong>iuxuria,</strong></span> <span class='ocrx_word' id='word_1_95' title='bbox 928 2412 1106 2510; x_wconf 82' lang='lat' dir='ltr'><strong>simulque</strong></span> <span class='ocrx_word' id='word_1_96' title='bbox 1118 2412 1224 2483; x_wconf 81' lang='lat' dir='ltr'><strong>variis</strong></span> <span class='ocrx_word' id='word_1_97' title='bbox 1232 2412 1308 2507; x_wconf 84' lang='lat' dir='ltr'><strong>jam</strong></span> <span class='ocrx_word' id='word_1_98' title='bbox 1320 2412 1450 2485; x_wconf 84' lang='lat' dir='ltr'><strong>Gallia·</strong></span> 
     </span>
     <span class='ocr_line' id='line_1_15' title="bbox 397 2526 1450 2623; baseline 0 -24"><span class='ocrx_word' id='word_1_99' title='bbox 397 2551 477 2599; x_wconf 90' lang='lat' dir='ltr'><strong>rum</strong></span> <span class='ocrx_word' id='word_1_100' title='bbox 507 2527 642 2601; x_wconf 84' lang='lat' dir='ltr'><strong>deliciis</strong></span> <span class='ocrx_word' id='word_1_101' title='bbox 670 2530 822 2623; x_wconf 85' lang='lat' dir='ltr'><strong>assueti,</strong></span> <span class='ocrx_word' id='word_1_102' title='bbox 851 2529 947 2602; x_wconf 86' lang='lat' dir='ltr'><strong>illam</strong></span> <span class='ocrx_word' id='word_1_103' title='bbox 975 2528 1163 2601; x_wconf 85' lang='lat' dir='ltr'><strong>barbaram</strong></span> <span class='ocrx_word' id='word_1_104' title='bbox 1189 2526 1363 2599; x_wconf 81' lang='lat' dir='ltr'><strong>feritatem</strong></span> <span class='ocrx_word' id='word_1_105' title='bbox 1387 2552 1450 2601; x_wconf 84' lang='lat' dir='ltr'><strong>seu</strong></span> 
     </span>
    </p>
   </div>
   <div class='ocr_carea' id='block_1_2' title="bbox 397 2642 1571 2743">
    <p class='ocr_par' dir='ltr' id='par_1_2' title="bbox 397 2642 1571 2743">
     <span class='ocr_line' id='line_1_16' title="bbox 397 2642 1571 2743; baseline -0.001 -27"><span class='ocrx_word' id='word_1_106' title='bbox 397 2644 677 2737; x_wconf 84' lang='lat' dir='ltr'><strong>animositatem,</strong></span> <span class='ocrx_word' id='word_1_107' title='bbox 704 2670 814 2743; x_wconf 83' lang='lat' dir='ltr'><strong>quam</strong></span> <span class='ocrx_word' id='word_1_108' title='bbox 839 2646 944 2719; x_wconf 92' lang='lat' dir='ltr'><strong>initio</strong></span> <span class='ocrx_word' id='word_1_109' title='bbox 968 2644 1148 2719; x_wconf 85' lang='lat' dir='ltr'><strong>beliorum</strong></span> <span class='ocrx_word' id='word_1_110' title='bbox 1173 2644 1210 2716; x_wconf 94' lang='lat' dir='ltr'><strong>in</strong></span> <span class='ocrx_word' id='word_1_111' title='bbox 1227 2642 1379 2717; x_wconf 87' lang='lat' dir='ltr'><strong>Galliam</strong></span> <span class='ocrx_word' id='word_1_112' title='bbox 1396 2646 1450 2715; x_wconf 93' lang='lat' dir='ltr'><strong>in·</strong></span> <span class='ocrx_word' id='word_1_113' title='bbox 1566 2677 1571 2684; x_wconf 97' lang='lat'>·</span> 
     </span>
    </p>
   </div>
   <div class='ocr_carea' id='block_1_3' title="bbox 384 2749 1451 3551">
    <p class='ocr_par' dir='ltr' id='par_1_3' title="bbox 395 2749 1451 3093">
     <span class='ocr_line' id='line_1_17' title="bbox 396 2749 1451 2861; baseline 0.004 -31"><span class='ocrx_word' id='word_1_114' title='bbox 396 2772 576 2849; x_wconf 85' lang='lat' dir='ltr'><strong>vexerant,</strong></span> <span class='ocrx_word' id='word_1_115' title='bbox 593 2760 745 2833; x_wconf 90' lang='lat' dir='ltr'><strong>nimium</strong></span> <span class='ocrx_word' id='word_1_116' title='bbox 762 2749 985 2853; x_wconf 80' lang='lat' dir='ltr'><strong>remiserant,</strong></span> <span class='ocrx_word' id='word_1_117' title='bbox 997 2786 1017 2834; x_wconf 91' lang='lat' dir='ltr'><strong>a</strong></span> <span class='ocrx_word' id='word_1_118' title='bbox 1029 2758 1285 2860; x_wconf 73' lang='lat' dir='ltr'><strong>voluptatibus,</strong></span> <span class='ocrx_word' id='word_1_119' title='bbox 1304 2773 1451 2861; x_wconf 84' lang='lat' dir='ltr'><strong>propter</strong></span> 
     </span>
     <span class='ocr_line' id='line_1_18' title="bbox 395 2870 1451 2975; baseline 0.002 -29"><span class='ocrx_word' id='word_1_120' title='bbox 395 2899 484 2973; x_wconf 84' lang='lat' dir='ltr'><strong>quas</strong></span> <span class='ocrx_word' id='word_1_121' title='bbox 505 2900 581 2951; x_wconf 86' lang='lat' dir='ltr'><strong>sese</strong></span> <span class='ocrx_word' id='word_1_122' title='bbox 608 2876 757 2975; x_wconf 74' lang='lat' dir='ltr'><strong>ignavia</strong></span> <span class='ocrx_word' id='word_1_123' title='bbox 778 2893 885 2975; x_wconf 87' lang='lat' dir='ltr'><strong>atque</strong></span> <span class='ocrx_word' id='word_1_124' title='bbox 911 2872 1085 2953; x_wconf 76' lang='lat' dir='ltr'><strong>socordia</strong></span> <span class='ocrx_word' id='word_1_125' title='bbox 1112 2872 1307 2967; x_wconf 89' lang='lat' dir='ltr'><strong>dederant,</strong></span> <span class='ocrx_word' id='word_1_126' title='bbox 1325 2870 1451 2975; x_wconf 89' lang='lat' dir='ltr'><strong>procul</strong></span> 
     </span>
     <span class='ocr_line' id='line_1_19' title="bbox 396 2990 939 3093; baseline 0.004 -30"><span class='ocrx_word' id='word_1_127' title='bbox 396 2990 508 3064; x_wconf 91' lang='lat' dir='ltr'><strong>dubio</strong></span> <span class='ocrx_word' id='word_1_128' title='bbox 525 2993 610 3065; x_wconf 87' lang='lat' dir='ltr'><strong>victi</strong></span> <span class='ocrx_word' id='word_1_129' title='bbox 622 3008 659 3066; x_wconf 89' lang='lat' dir='ltr'><strong>et</strong></span> <span class='ocrx_word' id='word_1_130' title='bbox 673 2994 841 3093; x_wconf 87' lang='lat' dir='ltr'><strong>superati.</strong></span> <span class='ocrx_word' id='word_1_131' title='bbox 935 3002 939 3008; x_wconf 88' lang='lat'>&#39;</span> 
     </span>
    </p>

    <p class='ocr_par' dir='ltr' id='par_1_4' title="bbox 384 3107 1451 3551">
     <span class='ocr_line' id='line_1_20' title="bbox 445 3107 1449 3209; baseline 0.003 -31"><span class='ocrx_word' id='word_1_132' title='bbox 445 3110 536 3179; x_wconf 89' lang='lat' dir='ltr'><strong>Cum</strong></span> <span class='ocrx_word' id='word_1_133' title='bbox 552 3108 660 3203; x_wconf 83' lang='lat' dir='ltr'><strong>igitur</strong></span> <span class='ocrx_word' id='word_1_134' title='bbox 680 3132 830 3181; x_wconf 83' lang='lat' dir='ltr'><strong>uxorem</strong></span> <span class='ocrx_word' id='word_1_135' title='bbox 856 3110 932 3204; x_wconf 73' lang='lat' dir='ltr'><strong>regi</strong></span> <span class='ocrx_word' id='word_1_136' title='bbox 952 3130 1018 3182; x_wconf 87' lang='lat' dir='ltr'><strong>suo</strong></span> <span class='ocrx_word' id='word_1_137' title='bbox 1043 3109 1080 3181; x_wconf 95' lang='lat' dir='ltr'><strong>in</strong></span> <span class='ocrx_word' id='word_1_138' title='bbox 1097 3110 1242 3182; x_wconf 70' lang='lat' dir='ltr'><strong>itaneia</strong></span> <span class='ocrx_word' id='word_1_139' title='bbox 1260 3107 1449 3209; x_wconf 82' lang='lat' dir='ltr'><strong>petendam</strong></span> 
     </span>
     <span class='ocr_line' id='line_1_21' title="bbox 396 3218 1451 3319; baseline 0.005 -28"><span class='ocrx_word' id='word_1_140' title='bbox 396 3218 652 3312; x_wconf 76' lang='lat' dir='ltr'><strong>decrevissent,</strong></span> <span class='ocrx_word' id='word_1_141' title='bbox 665 3222 795 3293; x_wconf 88' lang='lat' dir='ltr'><strong>missus</strong></span> <span class='ocrx_word' id='word_1_142' title='bbox 809 3232 862 3293; x_wconf 81' lang='lat' dir='ltr'><strong>est</strong></span> <span class='ocrx_word' id='word_1_143' title='bbox 878 3221 928 3293; x_wconf 92' lang='lat' dir='ltr'><strong>ob</strong></span> <span class='ocrx_word' id='word_1_144' title='bbox 945 3246 1027 3295; x_wconf 87' lang='lat' dir='ltr'><strong>eam</strong></span> <span class='ocrx_word' id='word_1_145' title='bbox 1042 3243 1119 3294; x_wconf 85' lang='lat' dir='ltr'><strong>rem</strong></span> <span class='ocrx_word' id='word_1_146' title='bbox 1137 3222 1356 3319; x_wconf 77' lang='lat' dir='ltr'><strong>legatusdux</strong></span> <span class='ocrx_word' id='word_1_147' title='bbox 1374 3222 1451 3296; x_wconf 83' lang='lat' dir='ltr'><strong>Sui·</strong></span> 
     </span>
     <span class='ocr_line' id='line_1_22' title="bbox 397 3334 1446 3435; baseline 0.005 -30"><span class='ocrx_word' id='word_1_148' title='bbox 397 3334 509 3406; x_wconf 79' lang='lat' dir='ltr'><strong>inicia</strong></span> <span class='ocrx_word' id='word_1_149' title='bbox 525 3336 563 3407; x_wconf 89' lang='lat' dir='ltr'><strong>in</strong></span> <span class='ocrx_word' id='word_1_150' title='bbox 571 3336 737 3427; x_wconf 81' lang='lat' dir='ltr'><strong>Galliam,</strong></span> <span class='ocrx_word' id='word_1_151' title='bbox 752 3352 789 3409; x_wconf 87' lang='lat' dir='ltr'><strong>et</strong></span> <span class='ocrx_word' id='word_1_152' title='bbox 804 3360 887 3407; x_wconf 87' lang='lat' dir='ltr'><strong>cum</strong></span> <span class='ocrx_word' id='word_1_153' title='bbox 902 3360 947 3409; x_wconf 87' lang='lat' dir='ltr'><strong>eo</strong></span> <span class='ocrx_word' id='word_1_154' title='bbox 963 3338 1154 3435; x_wconf 84' lang='lat' dir='ltr'><strong>episcopus</strong></span> <span class='ocrx_word' id='word_1_155' title='bbox 1165 3336 1446 3430; x_wconf 83' lang='lat' dir='ltr'><strong>Cichestrensis²,</strong></span> 
     </span>
     <span class='ocr_line' id='line_1_23' title="bbox 384 3450 1450 3551; baseline 0.002 -28"><span class='ocrx_word' id='word_1_156' title='bbox 384 3465 518 3524; x_wconf 81' lang='lat' dir='ltr'><strong>eustos</strong></span> <span class='ocrx_word' id='word_1_157' title='bbox 532 3452 661 3551; x_wconf 77' lang='lat' dir='ltr'><strong>privati</strong></span> <span class='ocrx_word' id='word_1_158' title='bbox 678 3450 780 3551; x_wconf 71' lang='lat' dir='ltr'><strong>siptti</strong></span> <span class='ocrx_word' id='word_1_159' title='bbox 799 3450 1057 3551; x_wconf 61' lang='lat' dir='ltr'><strong>regis‘sngliae,</strong></span> <span class='ocrx_word' id='word_1_160' title='bbox 1074 3474 1158 3523; x_wconf 88' lang='lat' dir='ltr'><strong>cum</strong></span> <span class='ocrx_word' id='word_1_161' title='bbox 1181 3452 1302 3525; x_wconf 89' lang='lat' dir='ltr'><strong>multis</strong></span> <span class='ocrx_word' id='word_1_162' title='bbox 1320 3452 1450 3525; x_wconf 89' lang='lat' dir='ltr'><strong>nobili·</strong></span> 
     </span>
    </p>
   </div>
   <div class='ocr_carea' id='block_1_4' title="bbox 396 3674 1453 4372">
    <p class='ocr_par' dir='ltr' id='par_1_5' title="bbox 396 3674 1453 4372">
     <span class='ocr_line' id='line_1_24' title="bbox 396 3674 1447 3783; baseline 0.001 -28"><span class='ocrx_word' id='word_1_163' title='bbox 396 3682 527 3779; x_wconf 84' lang='lat' dir='ltr'><strong>gniiico</strong></span> <span class='ocrx_word' id='word_1_164' title='bbox 540 3696 712 3783; x_wconf 81' lang='lat' dir='ltr'><strong>apparatu</strong></span> <span class='ocrx_word' id='word_1_165' title='bbox 731 3708 769 3756; x_wconf 86' lang='lat' dir='ltr'><strong>se</strong></span> <span class='ocrx_word' id='word_1_166' title='bbox 777 3684 930 3755; x_wconf 82' lang='lat' dir='ltr'><strong>Turonis</strong></span> <span class='ocrx_word' id='word_1_167' title='bbox 943 3674 1192 3773; x_wconf 85' lang='lat' dir='ltr'><strong>contulissent,</strong></span> <span class='ocrx_word' id='word_1_168' title='bbox 1208 3706 1283 3781; x_wconf 86' lang='lat' dir='ltr'><strong>quo</strong></span> <span class='ocrx_word' id='word_1_169' title='bbox 1299 3682 1447 3757; x_wconf 82' lang='lat' dir='ltr'><strong>iocorei</strong></span> 
     </span>
     <span class='ocr_line' id='line_1_25' title="bbox 396 3798 1449 3901; baseline -0.001 -27"><span class='ocrx_word' id='word_1_170' title='bbox 396 3805 433 3874; x_wconf 90' lang='lat' dir='ltr'><strong>in</strong></span> <span class='ocrx_word' id='word_1_171' title='bbox 450 3802 665 3901; x_wconf 86' lang='lat' dir='ltr'><strong>quibusdam</strong></span> <span class='ocrx_word' id='word_1_172' title='bbox 682 3800 895 3901; x_wconf 80' lang='lat' dir='ltr'><strong>propinquis</strong></span> <span class='ocrx_word' id='word_1_173' title='bbox 910 3798 1034 3873; x_wconf 81' lang='lat' dir='ltr'><strong>eastris</strong></span> <span class='ocrx_word' id='word_1_174' title='bbox 1057 3798 1278 3898; x_wconf 77' lang='lat' dir='ltr'><strong>frequentius</strong></span> <span class='ocrx_word' id='word_1_175' title='bbox 1299 3824 1341 3873; x_wconf 85' lang='lat' dir='ltr'><strong>ea</strong></span> <span class='ocrx_word' id='word_1_176' title='bbox 1359 3814 1449 3873; x_wconf 85' lang='lat' dir='ltr'><strong>tem·</strong></span> 
     </span>
     <span class='ocr_line' id='line_1_26' title="bbox 396 3917 1451 4019; baseline -0.002 -25"><span class='ocrx_word' id='word_1_177' title='bbox 396 3931 531 4019; x_wconf 83' lang='lat' dir='ltr'><strong>pestate</strong></span> <span class='ocrx_word' id='word_1_178' title='bbox 547 3942 610 3990; x_wconf 80' lang='lat' dir='ltr'><strong>rex</strong></span> <span class='ocrx_word' id='word_1_179' title='bbox 624 3917 773 3992; x_wconf 73' lang='lat' dir='ltr'><strong>caroius</strong></span> <span class='ocrx_word' id='word_1_180' title='bbox 796 3943 835 3991; x_wconf 87' lang='lat' dir='ltr'><strong>se</strong></span> <span class='ocrx_word' id='word_1_181' title='bbox 854 3934 892 3991; x_wconf 86' lang='lat' dir='ltr'><strong>et</strong></span> <span class='ocrx_word' id='word_1_182' title='bbox 911 3918 1048 3993; x_wconf 84' lang='lat' dir='ltr'><strong>curiam</strong></span> <span class='ocrx_word' id='word_1_183' title='bbox 1064 3944 1166 3993; x_wconf 86' lang='lat' dir='ltr'><strong>suam</strong></span> <span class='ocrx_word' id='word_1_184' title='bbox 1185 3918 1346 4009; x_wconf 84' lang='lat' dir='ltr'><strong>tenebat,</strong></span> <span class='ocrx_word' id='word_1_185' title='bbox 1366 3944 1451 3992; x_wconf 87' lang='lat' dir='ltr'><strong>cau·</strong></span> 
     </span>
     <span class='ocr_line' id='line_1_27' title="bbox 397 4032 1451 4134; baseline -0.001 -27"><span class='ocrx_word' id='word_1_186' title='bbox 397 4058 472 4107; x_wconf 86' lang='lat' dir='ltr'><strong>sam</strong></span> <span class='ocrx_word' id='word_1_187' title='bbox 487 4034 543 4106; x_wconf 87' lang='lat' dir='ltr'><strong>sui</strong></span> <span class='ocrx_word' id='word_1_188' title='bbox 559 4032 733 4106; x_wconf 80' lang='lat' dir='ltr'><strong>adrentus</strong></span> <span class='ocrx_word' id='word_1_189' title='bbox 748 4046 857 4133; x_wconf 82' lang='lat' dir='ltr'><strong>atque</strong></span> <span class='ocrx_word' id='word_1_190' title='bbox 870 4034 1051 4107; x_wconf 88' lang='lat' dir='ltr'><strong>missionis</strong></span> <span class='ocrx_word' id='word_1_191' title='bbox 1068 4037 1142 4131; x_wconf 83' lang='lat' dir='ltr'><strong>regi</strong></span> <span class='ocrx_word' id='word_1_192' title='bbox 1160 4034 1289 4107; x_wconf 82' lang='lat' dir='ltr'><strong>Carolo</strong></span> <span class='ocrx_word' id='word_1_193' title='bbox 1304 4058 1451 4134; x_wconf 84' lang='lat' dir='ltr'><strong>aperue-</strong></span> 
     </span>
     <span class='ocr_line' id='line_1_28' title="bbox 396 4148 1453 4250; baseline 0.002 -29"><span class='ocrx_word' id='word_1_194' title='bbox 396 4166 494 4223; x_wconf 88' lang='lat' dir='ltr'><strong>runt.</strong></span> <span class='ocrx_word' id='word_1_195' title='bbox 506 4154 601 4223; x_wconf 79' lang='lat' dir='ltr'><strong>Etex</strong></span> <span class='ocrx_word' id='word_1_196' title='bbox 611 4148 876 4250; x_wconf 83' lang='lat' dir='ltr'><strong>ipsiusquidsm</strong></span> <span class='ocrx_word' id='word_1_197' title='bbox 883 4148 1021 4223; x_wconf 78' lang='lat' dir='ltr'><strong>filiabus</strong></span> <span class='ocrx_word' id='word_1_198' title='bbox 1033 4148 1167 4249; x_wconf 79' lang='lat' dir='ltr'><strong>(piures</strong></span> <span class='ocrx_word' id='word_1_199' title='bbox 1176 4152 1272 4223; x_wconf 87' lang='lat' dir='ltr'><strong>enirn</strong></span> <span class='ocrx_word' id='word_1_200' title='bbox 1282 4148 1453 4248; x_wconf 86' lang='lat' dir='ltr'><strong>habebat)</strong></span> 
     </span>
     <span class='ocr_line' id='line_1_29' title="bbox 398 4264 1452 4372; baseline 0.003 -31"><span class='ocrx_word' id='word_1_201' title='bbox 398 4264 545 4341; x_wconf 82' lang='lat' dir='ltr'><strong>aiteram</strong></span> <span class='ocrx_word' id='word_1_202' title='bbox 554 4266 707 4341; x_wconf 84' lang='lat' dir='ltr'><strong>libenter</strong></span> <span class='ocrx_word' id='word_1_203' title='bbox 721 4265 946 4361; x_wconf 80' lang='lat' dir='ltr'><strong>habuissent3</strong></span> <span class='ocrx_word' id='word_1_204' title='bbox 960 4266 1024 4339; x_wconf 86' lang='lat' dir='ltr'><strong>sed</strong></span> <span class='ocrx_word' id='word_1_205' title='bbox 1036 4266 1112 4363; x_wconf 82' lang='lat' dir='ltr'><strong>jam</strong></span> <span class='ocrx_word' id='word_1_206' title='bbox 1127 4292 1149 4341; x_wconf 89' lang='lat' dir='ltr'><strong>a</strong></span> <span class='ocrx_word' id='word_1_207' title='bbox 1164 4266 1274 4367; x_wconf 84' lang='lat' dir='ltr'><strong>longo</strong></span> <span class='ocrx_word' id='word_1_208' title='bbox 1291 4284 1452 4372; x_wconf 86' lang='lat' dir='ltr'><strong>tempore</strong></span> 
     </span>
    </p>
   </div>
   <div class='ocr_carea' id='block_1_5' title="bbox 438 4455 1452 4546">
    <p class='ocr_par' dir='ltr' id='par_1_6' title="bbox 438 4455 1452 4546">
     <span class='ocr_line' id='line_1_30' title="bbox 438 4455 1452 4546; baseline 0.007 -29"><span class='ocrx_word' id='word_1_209' title='bbox 438 4460 468 4517; x_wconf 81' lang='lat' dir='ltr'><strong>i.</strong></span> <span class='ocrx_word' id='word_1_210' title='bbox 490 4455 619 4531; x_wconf 71' lang='lat' dir='ltr'><strong>sutton,</strong></span> <span class='ocrx_word' id='word_1_211' title='bbox 633 4469 721 4533; x_wconf 77' lang='lat' dir='ltr'><strong>ayant</strong></span> <span class='ocrx_word' id='word_1_212' title='bbox 737 4476 843 4517; x_wconf 80' lang='lat' dir='ltr'><strong>encore</strong></span> <span class='ocrx_word' id='word_1_213' title='bbox 864 4457 892 4517; x_wconf 85' lang='lat' dir='ltr'><strong>ie</strong></span> <span class='ocrx_word' id='word_1_214' title='bbox 913 4458 979 4517; x_wconf 87' lang='lat' dir='ltr'><strong>titre</strong></span> <span class='ocrx_word' id='word_1_215' title='bbox 998 4457 1036 4519; x_wconf 83' lang='lat' dir='ltr'><strong>de</strong></span> <span class='ocrx_word' id='word_1_216' title='bbox 1049 4474 1143 4523; x_wconf 77' lang='lat' dir='ltr'><strong>eunte</strong></span> <span class='ocrx_word' id='word_1_217' title='bbox 1158 4463 1233 4541; x_wconf 80' lang='lat' dir='ltr'><strong>qu&#39;ii</strong></span> <span class='ocrx_word' id='word_1_218' title='bbox 1250 4465 1380 4546; x_wconf 64' lang='lat' dir='ltr'><strong>changes</strong></span> <span class='ocrx_word' id='word_1_219' title='bbox 1393 4482 1452 4544; x_wconf 75' lang='lat' dir='ltr'><strong>peu</strong></span> 
     </span>
    </p>
   </div>
   <div class='ocr_carea' id='block_1_6' title="bbox 397 4545 1452 4715">
    <p class='ocr_par' dir='ltr' id='par_1_7' title="bbox 397 4545 1452 4715">
     <span class='ocr_line' id='line_1_31' title="bbox 397 4545 1452 4635; baseline 0.008 -28"><span class='ocrx_word' id='word_1_220' title='bbox 397 4550 483 4629; x_wconf 65' lang='lat' dir='ltr'><strong>apris</strong></span> <span class='ocrx_word' id='word_1_221' title='bbox 500 4566 576 4627; x_wconf 84' lang='lat' dir='ltr'><strong>pour</strong></span> <span class='ocrx_word' id='word_1_222' title='bbox 595 4545 670 4605; x_wconf 83' lang='lat' dir='ltr'><strong>esini</strong></span> <span class='ocrx_word' id='word_1_223' title='bbox 684 4546 722 4605; x_wconf 84' lang='lat' dir='ltr'><strong>de</strong></span> <span class='ocrx_word' id='word_1_224' title='bbox 744 4548 891 4627; x_wconf 73' lang='lat' dir='ltr'><strong>msrquis,</strong></span> <span class='ocrx_word' id='word_1_225' title='bbox 913 4566 972 4609; x_wconf 88' lang='lat' dir='ltr'><strong>nou</strong></span> <span class='ocrx_word' id='word_1_226' title='bbox 991 4570 1043 4631; x_wconf 81' lang='lat' dir='ltr'><strong>pas</strong></span> <span class='ocrx_word' id='word_1_227' title='bbox 1063 4550 1100 4611; x_wconf 86' lang='lat' dir='ltr'><strong>de</strong></span> <span class='ocrx_word' id='word_1_228' title='bbox 1120 4551 1196 4631; x_wconf 76' lang='lat' dir='ltr'><strong>‹tuc3</strong></span> <span class='ocrx_word' id='word_1_229' title='bbox 1216 4568 1246 4615; x_wconf 83' lang='lat' dir='ltr'><strong>et</strong></span> <span class='ocrx_word' id='word_1_230' title='bbox 1262 4554 1394 4635; x_wconf 71' lang='lat' dir='ltr'><strong>i’e‘veque</strong></span> <span class='ocrx_word' id='word_1_231' title='bbox 1415 4555 1452 4615; x_wconf 90' lang='lat' dir='ltr'><strong>de</strong></span> 
     </span>
     <span class='ocr_line' id='line_1_32' title="bbox 397 4636 837 4715; baseline 0.002 -16"><span class='ocrx_word' id='word_1_232' title='bbox 397 4638 576 4715; x_wconf 67' lang='lat' dir='ltr'><strong>micheas,</strong></span> <span class='ocrx_word' id='word_1_233' title='bbox 589 4636 682 4697; x_wconf 76' lang='lat' dir='ltr'><strong>Adam</strong></span> <span class='ocrx_word' id='word_1_234' title='bbox 696 4636 837 4713; x_wconf 67' lang='lat' dir='ltr'><strong>notem.</strong></span> 
     </span>
    </p>
   </div>
   <div class='ocr_carea' id='block_1_7' title="bbox 0 0 1952 5892">
    <p class='ocr_par' dir='ltr' id='par_1_8' title="bbox 0 0 1952 5892">
     <span class='ocr_line' id='line_1_33' title="bbox 0 0 1952 5892; baseline 0 0"><span class='ocrx_word' id='word_1_235' title='bbox 0 0 1952 5892; x_wconf 95' lang='lat' dir='ltr'><strong> </strong></span> 
     </span>
    </p>
   </div>
  </div>
 </body>
</html>
