3892 5892
743 910 852 981 mu
873 910 1036 971 Ttttttttts.

722 1191 979 1262 CAPl‘l’ULUll
1003 1192 1046 1259 X.

429 1378 468 1434 De
484 1392 598 1453 qmtuur
614 1376 772 1435 exercitibus
783 1377 818 1434 ab
832 1377 925 1451 mgna
938 1376 1034 1477 eodem
1046 1390 1165 1453 tempore
1179 1376 1214 1433 td
1230 1376 1345 1435 dinem

896 1486 908 1517 e

758 1484 895 1538 prolium
924 1485 1015 1519 mittit.

407 1634 541 1707 Eudem
556 1646 765 1733 tempestate
789 1646 827 1705 et
842 1632 980 1707 eisdem
1005 1658 1105 1733 pune
1128 1634 1272 1724 diebus,
1292 1637 1413 1733 tegit,

359 1765 485 1850 preter
499 1750 597 1825 illam
615 1749 869 1823 Flandrensem
885 1750 985 1824 ducis
1002 1751 1227 1840 Glocestriae,
1245 1769 1317 1825 tres
1331 1753 1418 1828 clius

360 1866 604 1967 expeditiones
616 1865 798 1939 lecentnt:
814 1890 924 1939 uuum
940 1867 977 1937 in
989 1868 1236 1965 propriaterrs
1248 1869 1418 1942 adversus

360 1986 486 2057 scotos
500 1983 582 2081 qui,
604 2006 689 2053 cum
704 1980 840 2053 lscobo
852 1986 874 2069 ¹,
896 2005 980 2077 regu
995 2008 1082 2071 suo,
1101 1998 1186 2057 tuuc
1201 2008 1222 2055 e
1237 1985 1356 2057 Scotio
1372 1984 1419 2061 ad

361 2100 515 2175 ducenta
540 2096 648 2171 millia
665 2096 858 2169 bominum
884 2110 921 2169 et
946 2096 1123 2195 amplius,
1142 2112 1182 2170 ut
1207 2098 1303 2173 lema
1318 2116 1417 2193 erut,

361 2228 603 2313 erumpentes,
618 2214 716 2310 regni
733 2212 925 2307 lugierunt
940 2212 1031 2285 lines
1044 2214 1257 2287 inusserant.
1274 2216 1345 2287 Sed
1355 2241 1421 2289 co·

362 2356 438 2405 mes
453 2330 499 2403 de
517 2328 843 2415 Nortkumberland
856 2354 942 2401 curn
967 2328 1150 2401 nonnullis
1170 2330 1247 2402 aliis
1268 2333 1422 2425 regionis

365 2445 459 2519 illius
485 2443 684 2531 nobilibus,
714 2444 862 2517 collecta
887 2470 930 2517 ex
952 2444 1044 2541 egris
1071 2458 1107 2517 et
1129 2445 1254 2517 vicinis
1279 2445 1422 2544 oppidis

364 2560 489 2661 populi
516 2560 765 2651 multitudine,
795 2560 897 2637 lucile
924 2574 960 2633 et
983 2561 1061 2632 sine
1083 2560 1244 2658 periculo
1272 2576 1423 2634 conatus

364 2678 612 2776 hujuscemodi
624 2678 861 2749 multitudinis
873 2680 1063 2749 Scotonrm
1074 2676 1262 2775 repressit,
1280 2678 1327 2749 od
1337 2702 1422 2776 pro·

365 2798 513 2895 piisque
531 2794 690 2893 redigere
707 2794 893 2893 compulit.

414 2910 528 2985 Alium
560 2908 824 3009 expeditionem
857 2910 893 2981 in
923 2906 1179 2981 Normannitnn
1203 2906 1304 2979 duxit
1337 2922 1424 2981 tunc

365 3052 448 3099 eum
467 3048 596 3122 magna
611 3026 722 3099 classe
745 3050 786 3099 uc
804 3024 955 3098 militum
971 3023 1217 3116 multitudine,
1235 3024 1282 3096 ud
1297 3023 1424 3097 decem

366 3140 476 3213 millia
492 3141 653 3212 virorum
670 3138 726 3212 vel
741 3140 915 3238 amplius,
933 3138 1007 3209 dur
1022 3138 1217 3231 Eboraci⁸3
1232 3140 1316 3237 qui,
1338 3165 1423 3213 cum

367 3256 413 3327 sd
421 3254 542 3328 littora
556 3254 795 3327 caletensium
804 3252 1019 3351 appulisset,
1036 3255 1262 3351 Flscumpurn
1278 3280 1423 3329 monss-

368 3371 517 3444 terium⁸
529 3370 666 3467 insigne
681 3368 840 3459 obsedit,
859 3366 960 3467 quod
980 3391 1055 3439 non
1071 3390 1184 3467 parvo
1207 3367 1330 3443 labore
1355 3398 1424 3445 nec

368 3488 444 3558 sine
458 3509 589 3581 magno
602 3486 657 3557 sui
673 3485 845 3557 exercitus
855 3482 992 3555 domno
1003 3482 1200 3579 requisivit.
1215 3488 1304 3557 Num
1315 3510 1425 3585 prop-

370 3614 424 3673 ter
440 3600 676 3673 vastationem
690 3597 783 3673 illius
801 3598 943 3695 putriae,
961 3620 1072 3697 quum
1091 3622 1198 3694 supra
1215 3598 1422 3691 retulimus,

368 3716 514 3814 plurimi
530 3714 632 3788 samis
648 3712 787 3806 inedie,
806 3713 890 3786 tabe
902 3728 1010 3811 atque
1021 3711 1229 3809 pestilentiae
1247 3716 1318 3788 telo
1339 3740 1425 3789 con-

368 3833 501 3932 sumpti
517 3844 599 3903 sunt
615 3831 651 3901 in
668 3831 790 3901 castris
808 3831 891 3902 suis.
909 3834 951 3901 Et
963 3827 1216 3919 nihilominus,
1234 3848 1424 3929 postquam

368 3950 489 4023 locum
507 3948 606 4020 illurn
625 3948 663 4019 in
679 3946 901 4019 deditionem
927 3959 1130 4045 receperat,
1159 3946 1281 4045 paucis
1302 3962 1426 4047 posteo

369 4066 526 4138 decursis
539 4065 688 4153 diebus,
707 4089 771 4164 per
786 4062 981 4161 quamdam
994 4062 1263 4134 subterraneum
1279 4088 1424 4163 specum

372 4179 503 4281 lnglos
525 4180 670 4279 quidem
700 4180 885 4271 latentem,
910 4179 973 4251 sed
999 4178 1056 4251 his
1081 4179 1223 4251 Francis
1255 4180 1317 4279 qui
1343 4181 1427 4257 inde

411 4385 443 4531 ¹2.
464 4386 717 4543 dmidium
739 4470 882 4545 Richard,
898 4468 990 4529 chuisi
1003 4468 1124 4529 d'elsord
1138 4487 1216 4547 pour
1229 4472 1388 4550 templacer
1400 4475 1428 4534 le

374 4562 432 4622 due
442 4564 479 4622 de
492 4562 630 4622 Bethlord
643 4562 714 4621 dens
727 4563 755 4621 le
768 4571 995 4641 gouveruemeut
1003 4559 1043 4623 de
1052 4560 1080 4618 lu
1093 4560 1213 4617 Funus.

414 4656 442 4711 3.
466 4648 612 4729 L’rbbtye
627 4650 664 4709 de
677 4652 810 4729 Feeemp.
