3892 5892
544 910 563 966 8
822 905 1081 966 mstontttwtt
1102 906 1237 966 0ΑῆοΠ
1258 907 1313 966 vn

593 1035 675 1120 Quo
687 1029 819 1103 effluxo
837 1031 973 1130 spatio,
985 1053 1069 1102 cum
1080 1027 1177 1128 apud
1189 1053 1227 1101 se
1243 1029 1395 1126 graviter
1410 1045 1446 1102 et
1462 1051 1617 1103 morose

544 1143 777 1218 revolvissent
796 1144 1077 1243 magnitudinem
1094 1143 1193 1234 sacti,
1215 1157 1252 1215 et
1268 1167 1348 1242 quae
1368 1141 1498 1218 exinde
1515 1147 1618 1217 veri·

545 1259 706 1334 similiter
726 1259 821 1332 mala
836 1273 944 1356 atque
960 1257 1120 1356 pericula
1135 1271 1253 1332 essent
1270 1273 1461 1352 eventura,
1479 1257 1615 1356 hujus·

545 1376 645 1450 modi
661 1376 851 1450 consilium
867 1373 1109 1465 tradiderunt,
1125 1389 1182 1466 ut,
1198 1375 1370 1474 quoniam
1387 1388 1468 1472 post
1483 1399 1617 1473 perso·

545 1517 631 1567 nam
643 1494 753 1590 regis,
772 1493 866 1564 inter
878 1514 1005 1563 omnes
1023 1491 1204 1590 principes
1219 1489 1320 1586 regni
1335 1489 1412 1588 ipse
1430 1490 1616 1564 maximus

545 1623 654 1700 esset,
666 1606 885 1704 haberetque
894 1607 1068 1703 majorem
1080 1619 1219 1704 partem
1229 1628 1419 1704 procerum
1433 1605 1535 1703 regni
1544 1606 1615 1679 ob·

545 1736 754 1823 sequentem
770 1736 806 1794 et
822 1721 1008 1812 devotam,
1024 1734 1150 1820 utpote
1167 1745 1210 1792 ex
1223 1719 1324 1816 cujus
1336 1719 1484 1793 arbitrio
1497 1721 1615 1794 totius

545 1840 646 1937 regni
660 1853 695 1912 et
713 1837 884 1934 regalium
899 1837 1098 1910 moderatio
1116 1851 1224 1934 atque
1238 1834 1497 1908 administratio
1517 1861 1613 1936 pen·

546 1955 632 2030 dere
651 1953 851 2043 videbatur,
868 1980 944 2027 non
953 1953 992 2025 id
1003 1967 1085 2026 ante
1096 1954 1240 2054 exsequi
1250 1968 1357 2052 atque
1367 1952 1482 2026 secere
1493 1967 1614 2028 atten-

546 2085 653 2161 taret,
665 2093 776 2169 quarn
786 2069 854 2143 sibi
864 2071 1050 2143 civitatum
1061 2084 1097 2142 et
1105 2071 1325 2168 populorum
1337 2071 1438 2165 regni
1449 2069 1615 2143 savorem

546 2211 588 2260 ac
605 2187 754 2288 gratiam
768 2185 1011 2277 conciliasset3
1027 2185 1114 2257 alias
1127 2209 1215 2258 vero
1226 2183 1428 2257 civitatibus
1440 2197 1476 2256 et
1489 2187 1615 2282 regni-

546 2304 635 2377 colis
650 2301 715 2403 [se]
728 2303 882 2375 invisum
900 2300 1067 2375 redderet
1081 2325 1123 2374 ac
1137 2300 1317 2374 odiosum.
1339 2299 1378 2371 ld
1395 2314 1515 2374 autern
1537 2301 1615 2376 boc

548 2417 661 2492 modo
673 2417 813 2492 efficere
821 2431 959 2517 posset,
970 2418 1001 2491 si
1009 2416 1148 2490 Parisiis
1157 2416 1333 2515 praecipue
1341 2472 1351 2509 ,
1364 2439 1442 2514 quae
1454 2431 1528 2489 tam
1544 2421 1616 2490 mi·

548 2534 652 2610 rabili
667 2534 886 2635 populorum
900 2534 946 2607 de
958 2533 1060 2606 omni
1072 2531 1293 2624 conditione,
1308 2530 1437 2604 ordine
1451 2546 1488 2606 et
1499 2544 1612 2622 statu,

548 2649 776 2724 multitudine
786 2647 916 2722 referta
921 2704 932 2740 ,
943 2662 979 2720 et
990 2648 1036 2721 de
1049 2646 1218 2721 omnibus
1235 2648 1336 2746 regni
1351 2647 1556 2720 nationibus
1568 2673 1616 2723 ac

548 2766 914 2868 provinciis,regnum
925 2765 1043 2862 ipsum
1053 2763 1213 2863 quodam
1222 2765 1321 2837 velut
1331 2763 1550 2863 compendio
1560 2790 1616 2838 re·

548 2880 702 2972 serebat,
715 2892 752 2952 et
762 2877 923 2951 similiter
935 2881 971 2950 in
985 2878 1063 2951 aliis
1074 2878 1359 2977 quibuscumque
1371 2879 1614 2954 nobilioribus

547 2995 649 3091 regni
671 2991 892 3085 civitatibus,
917 3019 983 3093 per
1003 2991 1190 3067 biennium
1212 2994 1271 3067 vel
1294 2995 1488 3068 triennium
1504 3011 1610 3088 ante,

547 3134 614 3210 per
629 3109 858 3209 interpositas
872 3133 1043 3209 personas
1061 3109 1197 3208 ubique
1218 3110 1443 3184 disseminari
1460 3112 1610 3202 iaceret,

549 3251 586 3299 se
600 3227 756 3298 maxime
772 3225 961 3324 regnicolis
977 3227 1134 3326 compati
1151 3241 1186 3300 et
1201 3227 1413 3318 condolere,
1433 3225 1532 3324 quod
1557 3244 1614 3302 tot

548 3339 689 3414 tributis
707 3356 745 3415 et
759 3343 866 3416 variis
884 3368 926 3417 ac
943 3343 1201 3443 multiplicibus
1218 3343 1448 3440 vectigalibus
1469 3369 1613 3444 preme-

549 3471 695 3551 rentur,
711 3483 820 3556 seque
834 3461 919 3533 totis
935 3461 1022 3533 eniti
1035 3459 1224 3533 conatibus
1246 3474 1298 3552 ut,
1317 3485 1428 3558 regno
1450 3459 1497 3532 ad
1520 3463 1613 3534 anti-

550 3598 639 3671 quas
664 3599 746 3648 suas
767 3573 946 3649 libertates
965 3577 1145 3668 restituto,
1171 3575 1340 3648 omnibus
1362 3575 1613 3674 hujuscemodi

549 3689 721 3764 molestiis
736 3691 1020 3789 gravissimisque
1036 3691 1282 3764 exactionibus
1296 3692 1451 3792 populus
1473 3693 1613 3768 levare-

550 3820 628 3899 tur,
649 3805 712 3879 sed
735 3831 782 3878 ne
807 3808 864 3879 sui
886 3807 1015 3907 optimi
1042 3831 1084 3880 ae
1108 3807 1257 3908 piissimi
1277 3810 1353 3882 voti
1378 3833 1420 3882 ac
1437 3808 1608 3902 allectus,

456 3973 459 3982 -
484 4011 488 4017 g
549 3918 720 4019 quemad
735 3947 887 4020 regnum
903 3939 939 3997 et
954 3923 1152 4022 regnicolas
1168 3925 1330 4023 gerebat,
1349 3924 1504 3999 sructum
1522 3951 1613 4002 asse·

423 4090 426 4095 ,
444 4108 467 4134 ὁ
511 4091 517 4126 :
549 4053 731 4135 queretur,
745 4038 854 4137 ipsius
866 4038 1171 4114 Aurelianensium
1183 4039 1287 4114 ducis
1304 4056 1340 4115 et
1356 4065 1505 4114 suorum
1518 4043 1611 4118 vires

547 4168 585 4229 et
600 4169 752 4228 conatus
761 4180 902 4256 semper
914 4155 1092 4229 obstitisse
1103 4170 1139 4230 et
1149 4157 1323 4230 continuo
1336 4156 1499 4251 obstare,
1512 4161 1611 4256 quod

549 4269 713 4342 omnium
721 4269 971 4369 hujuscemodi
980 4271 1613 4373 imponendorumetindiesexcres-

354 4437 358 4444 .
419 4454 423 4462 ,
547 4384 718 4475 centium,
727 4411 906 4460 novorum
914 4386 1480 4488 tributorumatquevectigalium
1488 4403 1613 4465 auctor

549 4515 587 4575 et
600 4499 768 4577 defensor
783 4505 960 4578 maximus
972 4505 1166 4598 exsisteret,
1181 4530 1223 4580 ac
1235 4532 1377 4608 semper
1388 4507 1586 4581 exstitisset.

599 4622 677 4694 Hoc
690 4620 809 4718 itaque
820 4647 980 4716 rumore,
992 4647 1057 4722 per
1068 4648 1196 4698 ornnes
1210 4624 1283 4700 fere
1298 4625 1456 4700 civitates
1473 4640 1512 4700 et
1523 4649 1614 4728 pro·
