3892 5892
527 908 566 963 46
809 900 1064 963 fflsrontantttt
1075 896 1221 956 'cason
1240 900 1293 956 VII

527 1027 583 1100 vel
611 1050 791 1126 campanae
810 1026 964 1113 tinnitu,
993 1022 1049 1094 vel
1077 1021 1255 1093 venatoris
1280 1034 1341 1091 aut
1370 1020 1440 1093 alio
1465 1046 1580 1095 cornu

528 1144 617 1216 dans
637 1144 821 1227 sonitum,
851 1165 914 1240 per
940 1140 1011 1211 boc
1039 1136 1085 1210 ad
1113 1138 1291 1209 munitum
1319 1162 1358 1209 se
1387 1138 1582 1236 recipiendi

526 1258 647 1330 locum
677 1258 833 1345 cunctis,
859 1256 1019 1353 quitum
1045 1255 1081 1324 in
1104 1257 1196 1348 agris
1218 1266 1363 1350 agerent
1381 1252 1438 1325 vel
1454 1254 1579 1345 vineis,

527 1374 666 1469 signum
692 1372 812 1445 dabat.
850 1369 957 1459 Quod
986 1384 1060 1441 tam
1085 1367 1225 1441 assidue
1250 1384 1286 1441 et
1312 1369 1517 1467 frequenter
1542 1374 1579 1443 in

526 1489 798 1587 quamplurimis
823 1486 931 1558 fiebat
946 1485 1051 1572 locis,
1072 1499 1124 1571 ut,
1143 1509 1225 1557 cum
1238 1483 1350 1556 boves
1369 1499 1405 1556 et
1419 1485 1580 1581 jumenta

526 1608 680 1679 aratoria
697 1603 743 1677 ab
761 1618 881 1675 aratro
900 1602 1134 1689 solverentur,
1152 1600 1336 1674 audientes
1351 1600 1581 1699 speculatoris

526 1722 685 1819 siguum,
704 1719 799 1789 illico
823 1716 957 1812 absque
975 1716 1123 1788 ductore
1139 1715 1185 1789 ad
1202 1700 1266 1789 sua
1282 1730 1356 1787 tuta
1372 1716 1519 1812 refugia,
1537 1742 1580 1789 ex

524 1837 631 1933 longa
641 1832 897 1906 assuefactione
906 1831 1047 1922 edocta,
1058 1856 1162 1904 cursu
1176 1831 1303 1929 rapido
1311 1832 1407 1903 velut
1418 1835 1581 1906 exterrita

525 1960 768 2040 accurrereut3
785 1946 884 2045 quod
901 1961 936 2018 et
953 1971 1038 2019 oves
1055 1960 1161 2043 atque
1177 1947 1279 2045 porci
1294 1946 1453 2017 similiter
1467 1946 1580 2019 lacere

524 2074 795 2137 consueverant.
817 2062 886 2133 Sed
904 2086 987 2134 oum
1010 2062 1048 2133 in
1066 2060 1168 2133 dictis
1185 2062 1395 2159 provinciis,
1416 2086 1483 2159 pro
1505 2063 1580 2159 agri

523 2179 722 2269 latitudine,
745 2202 832 2250 rarae
847 2178 918 2249 sint
933 2178 1093 2249 civitates
1107 2191 1143 2249 et
1159 2176 1238 2248 loca
1250 2177 1434 2267 munita,e
1450 2177 1580 2276 quibus

523 2298 630 2371 etiam
653 2297 755 2395 plura
779 2294 899 2367 hostili
916 2295 1115 2367 vastatione
1133 2296 1295 2381 incensa,
1314 2317 1435 2365 eversa
1457 2318 1499 2366 ao
1525 2295 1579 2368 di·
1680 2306 1689 2323 ⁴

522 2428 623 2512 repta
650 2413 804 2501 fuerant,
827 2409 885 2484 vel
909 2410 1189 2483 habitationibus
1215 2425 1380 2496 vacuata,
1401 2393 1579 2485 tantillum

522 2530 627 2620 illud,
640 2530 740 2628 quod
751 2529 860 2600 veluti
874 2528 995 2598 furtim
1006 2527 1140 2598 circum
1154 2527 1371 2598 munitiones
1380 2526 1576 2620 colebatur,

524 2646 713 2718 minimum
730 2658 765 2716 et
778 2667 890 2741 prope
904 2640 994 2713 nihil
1006 2640 1206 2731 videbatur,
1220 2641 1489 2740 comparatione
1501 2666 1579 2714 vas·

461 2775 463 2783 ’
521 2760 741 2831 tissimorum
759 2781 946 2853 agrorum,
967 2756 1030 2852 qui
1045 2754 1174 2828 deserti
1191 2780 1337 2855 prorsus
1352 2770 1388 2829 et
1408 2757 1486 2829 sine
1501 2756 1576 2828 cul·

521 2872 659 2944 toribus
676 2868 944 2969 permanebant.

885 3172 1141 3241 CdPlTULUM
1166 3174 1209 3241 ll.

718 3374 757 3425 De
768 3372 850 3427 causis
860 3385 937 3427 tante
950 3374 1101 3429 vastationis
1111 3374 1186 3449 regni
1199 3374 1372 3429 Francorum.

565 3564 612 3632 Ut
631 3561 736 3658 igitur
752 3560 798 3632 ad
814 3585 952 3649 causas,
972 3560 1070 3633 unde
1093 3576 1171 3634 orta
1194 3578 1230 3633 et
1253 3576 1373 3634 secuta
1395 3561 1461 3633 fuir
1476 3576 1572 3635 tanta

516 3674 710 3765 desolatio,
737 3678 923 3774 specialius
950 3679 1201 3751 memorandas
1228 3694 1336 3777 atque
1369 3678 1573 3752 referendas

514 3793 711 3881 veniamus,
728 3793 780 3862 uti
792 3791 921 3863 Carolo
934 3796 980 3861 Vl
993 3794 1063 3864 vita
1075 3793 1211 3883 functo,
1225 3796 1373 3867 Carolus
1382 3798 1444 3865 Vll
1456 3810 1573 3892 spreta

515 3931 557 3979 ac
575 3907 724 4006 paenitus
740 3908 868 4001 rejecta
881 3908 991 4006 patris
1007 3909 1062 3979 sui
1077 3909 1372 4000 exhaeredatione,
1391 3934 1413 3983 a
1428 3911 1573 3983 Francis

514 4048 581 4122 pro
598 4046 680 4118 rege
695 4020 837 4093 habitus
854 4037 925 4112 est,
945 4023 994 4094 ita
1009 4038 1044 4095 et
1059 4026 1156 4121 apud
1169 4026 1299 4123 Anglos
1310 4040 1396 4099 tunc
1408 4024 1573 4126 impubes

514 4139 703 4228 HenricuS,
733 4138 888 4229 Henrici,
914 4162 1024 4234 quem
1044 4138 1252 4212 defunctum
1268 4140 1435 4233 diximus,
1467 4142 1572 4213 unica

397 4285 403 4295 ·
514 4258 648 4357 proles,
676 4283 743 4359 pro
766 4258 955 4331 amborum
983 4284 1176 4357 regnorum
1197 4261 1352 4334 Francia
1375 4277 1410 4333 et
1436 4260 1569 4358 anglia

514 4400 596 4472 rege
623 4401 661 4449 se
689 4378 813 4473 gessit,
844 4377 1029 4473 utriusque
1055 4377 1197 4449 titulum
1228 4375 1295 4449 sibi
1319 4400 1503 4450 assumens
1536 4390 1571 4449 et

513 4514 658 4563 nomen.
680 4492 810 4590 Angliae
826 4516 911 4565 vero
928 4516 1077 4588 regnum
1092 4506 1126 4564 et
1142 4491 1339 4591 impuberis
1354 4492 1445 4588 regis
1463 4490 1571 4563 tutela

512 4630 577 4706 per
590 4606 791 4681 Glocestriae
807 4610 955 4701 ducem,
973 4624 1141 4707 patruum
1160 4634 1284 4700 suum,
1303 4634 1346 4683 ac
1364 4610 1465 4707 regni
1481 4608 1570 4706 opti·
