3892 5892
534 932 590 991 116
818 932 1073 993 mstotttaamt
1092 930 1230 988 cauom
1248 932 1302 989 VII
1425 921 1427 923 ’

533 1056 587 1129 vel
611 1056 751 1131 castella
769 1058 970 1129 munierant
991 1080 1070 1151 quae
1086 1054 1240 1156 populus
1257 1052 1303 1126 ab
1321 1052 1477 1151 Anglicis
1493 1053 1585 1128 tule-

509 1186 605 1263 rat,
633 1160 832 1270 uec'ipsius
849 1172 969 1272 patriae
990 1170 1176 1244 nohilitas¹
1196 1194 1275 1268 qua
1299 1170 1346 1243 ad
1371 1185 1482 1244 terras
1504 1196 1589 1246 suas

534 1286 763 1383 possidendas
778 1300 996 1376 accurrerat,
1014 1284 1144 1384 quibus
1158 1284 1257 1381 longi
1278 1286 1450 1385 temporis
1470 1286 1585 1385 spatio

435 1448 437 1451 -
533 1400 635 1498 Angli
646 1402 748 1500 potiti
763 1401 899 1473 fuerant
909 1452 923 1489 ,a
940 1424 1016 1473 sese
1028 1400 1298 1491 abstinuerunt3
1313 1401 1362 1472 ita
1372 1413 1413 1473 ut
1426 1400 1585 1499 profecto

533 1520 754 1590 verissimum
766 1542 840 1589 esse
854 1531 1078 1616 compertum
1096 1517 1200 1589 luerit
1214 1518 1314 1615 quod
1331 1518 1481 1616 quidam
1500 1542 1586 1613 gen·

534 1634 646 1707 tilium
663 1648 850 1733 poetarum
864 1634 992 1707 cecinit
1008 1660 1017 1704 ι

654 1818 732 1873 mua
741 1816 807 1871 aaa
818 1790 950 1891 pietasque
961 1817 1042 1885 vau,
1053 1817 1099 1890 qu
1110 1830 1193 1872 maa
1207 1830 1364 1890 sequamur,

531 1995 567 2051 et
588 1980 686 2078 quod
703 1982 962 2081 Dominus‘pcr
987 1982 1202 2055 Hieremiam
1225 1981 1442 2082 prophetam
1466 1981 1553 2054 dicit
1567 1966 1581 2053 ἐ

534 2127 550 2163 a
572 2095 778 2169 Maledictus
793 2100 855 2195 qui
867 2096 1018 2170 confidit
1031 2098 1067 2169 in
1078 2097 1247 2188 homine,
1267 2113 1302 2170 et
1313 2098 1375 2195 qui
1388 2099 1493 2197 ponit
1507 2122 1584 2171 car-

531 2238 614 2287 nem
631 2212 818 2286 brachium
834 2237 938 2287 suum
955 2243 996 2305 »ς
1017 2216 1078 2313 qui
1094 2229 1129 2287 et
1145 2239 1209 2314 per
1223 2214 1339 2287 David
1354 2213 1586 2287 saluberrima

530 2331 696 2428 praeoepit
711 2359 719 2404 ι
737 2360 754 2397 α
773 2331 889 2404 Nolite
904 2328 1089 2404 confidere
1105 2331 1142 2401 in
1154 2328 1401 2429 principibus,
1418 2354 1534 2427 neque
1547 2330 1584 2400 in

532 2443 611 2516 liliis
634 2443 846 2531 hominum,
873 2446 1060 2544 inquibus
1083 2470 1159 2516 non
1186 2460 1239 2517 est
1258 2444 1364 2517 salus.
1380 2470 1400 2514 a
1419 2444 1473 2516 llli
1489 2444 1586 2516 enim

531 2560 779 2660 simplicissimi
797 2586 963 2659 agrorum
981 2561 1134 2634 cultores
1153 2560 1383 2656 justissimam
1401 2584 1486 2631 cum
1510 2561 1586 2658 pie·

533 2690 603 2747 tate
613 2676 721 2747 vitam
735 2664 898 2771 agentem
913 2675 990 2747 zelo
1005 2676 1261 2747 ferventissimo
1277 2700 1319 2747 ac
1331 2674 1481 2747 naturali
1499 2698 1587 2773 quo-

531 2789 615 2861 dam
631 2812 752 2861 amore
770 2790 900 2885 quibus
919 2790 965 2862 ad
982 2794 1365 2885 Francorum‘regnum
1381 2804 1417 2861 et
1437 2815 1583 2887 regem,

531 2917 700 2999 tanquam
728 2920 828 2977 vetus
854 2921 889 2978 et
917 2907 1077 2977 naturale
1105 2920 1206 2977 tcrrae
1238 2907 1455 3004 imperium,
1484 2921 1587 2977 erant

529 3016 665 3106 affecti,
684 3020 834 3117 patriam
850 3044 916 3117 pro
936 3045 1064 3118 magna
1081 3034 1182 3119 parte
1199 3019 1246 3092 de
1262 3020 1458 3117 Anglorum
1474 3044 1586 3092 manu

529 3147 825 3229 recuperaverant
842 3147 877 3205 et
896 3132 964 3205 sub
988 3137 1078 3231 regis
1094 3136 1149 3205 sui
1165 3150 1377 3207 revocarant
1389 3133 1581 3225 ditionem;

529 3245 604 3345 ipse
614 3273 715 3337 vero,
727 3250 899 3321 conviviis
910 3266 947 3323 et
956 3249 1107 3325 lasciviis
1117 3275 1198 3328 suas
1207 3262 1413 3324 ‘exsaturans
1422 3251 1585 3324 libidines

529 3375 564 3432 et
578 3360 664 3434 luxu
686 3378 793 3462 atque
815 3366 920 3437 inerti
937 3365 1023 3439 odio
1046 3381 1215 3466 torpens,
1237 3366 1372 3438 nullam
1393 3366 1585 3465 providen-

530 3478 615 3549 tiam
626 3478 821 3554 adhibebat
830 3481 877 3553 ad
889 3481 969 3553 illos
984 3482 1050 3554 sibi
1062 3481 1287 3556 fidelissimos
1296 3482 1422 3580 suique
1435 3482 1585 3555 honoris

529 3608 565 3665 et
576 3592 836 3669 sublimationis
850 3595 1105 3669 zelantissimos
1119 3612 1294 3670 amatores
1310 3597 1463 3674 tuendos
1479 3610 1584 3694 atque

530 3705 785 3801 delensandos;
800 3709 862 3782 sed
875 3712 994 3810 potius
1006 3708 1053 3782 ab
1066 3710 1133 3783 illis
1147 3712 1409 3784 immanissimis
1422 3710 1585 3783 hostibus

530 3825 623 3917 suis,
653 3840 823 3922 tanquam
846 3850 868 3897 a
890 3819 1144 3899 cruentissimis
1175 3826 1317 3919 bestiis,
1341 3852 1404 3899 eos
1430 3826 1585 3925 jugulari

529 3944 660 4039 passim
678 3957 713 4014 ct
729 3942 878 4041 discerpi
903 3941 1042 4015 sinebat
1064 3958 1099 4015 et
1119 3943 1388 4041 quodammodo
1413 3942 1581 4035 iaciebat,

528 4081 612 4128 cum
629 4083 705 4130 non
730 4057 846 4129 solum
872 4082 937 4155 per
958 4056 1078 4129 hostes
1104 4057 1311 4155 hujusmodi
1336 4058 1580 4153 crudelitates,

530 4195 653 4243 verum
668 4173 772 4244 etiam
781 4196 845 4269 per
860 4195 956 4253 suos,
977 4170 1053 4243 fieri
1064 4172 1228 4267 ignorare
1241 4198 1315 4243 non
1332 4187 1474 4269 posset;
1492 4198 1584 4269 quos

530 4300 647 4358 tamen
664 4311 686 4358 a
702 4286 829 4358 talibus
842 4287 980 4383 injuriis
994 4287 1141 4359 minime
1159 4285 1373 4378 cohibebat,
1399 4312 1467 4358 nec
1488 4288 1583 4361 cala·

529 4401 664 4475 mitosae
678 4426 720 4475 ac
737 4402 871 4476 miserae
886 4400 1026 4503 patriae,
1047 4401 1152 4473 tantis
1168 4426 1235 4499 pro
1251 4428 1289 4474 se
1306 4417 1340 4474 et
1357 4401 1502 4499 querela
1519 4424 1583 4473 sua

569 4650 597 4709 l.
620 4652 697 4707 Dans
713 4649 740 4708 lc
757 4652 924 4731 manuscrit,
938 4656 1091 4731 meipsius
1104 4659 1206 4729 partia
1219 4652 1307 4713 nobili
1317 4667 1346 4714 et
1357 4652 1511 4725 nobilitas,
1525 4661 1581 4711 etc.
