3892 5892
735 940 842 999 nunu
859 940 1040 1014 Qutnuus.
1268 888 1274 907 ι
1349 940 1407 998 sss

359 1086 500 1163 semper
525 1064 633 1163 aequis
656 1064 792 1161 legibus
815 1066 861 1138 ad
883 1064 1103 1139 deditionem
1128 1066 1286 1165 recepit:
1310 1065 1408 1137 Cice·
1487 1060 1495 1134 ἶ

358 1178 457 1249 ronis
480 1193 758 1280 eoeterorumque
785 1179 1082 1281 philosophorum
1112 1180 1408 1253 humanissimum
1440 1174 1490 1235 ·s

359 1306 573 1392 praeoeptum
597 1309 753 1388 secutus,
783 1297 846 1393 qui
876 1294 1042 1368 dixerunt
1068 1310 1173 1391 atque
1197 1296 1406 1387 voluerunt,

358 1411 464 1483 etiam
488 1410 517 1481 si
540 1410 629 1483 tries
649 1436 792 1483 murum
810 1414 1043 1509 percusserit,
1062 1412 1182 1485 hostes
1206 1426 1325 1484 tamen
1353 1437 1411 1484 re-

359 1527 539 1627 quirentes
554 1528 590 1598 in
608 1527 715 1600 fidem
731 1553 806 1600 esse
824 1528 1060 1627 recipiendos.

408 1644 607 1741 Expurgato
626 1642 743 1740 itaque
757 1667 818 1713 rex
833 1642 878 1714 ab
895 1644 1013 1741 Anglis
1028 1642 1175 1714 flumine
1191 1644 1362 1738 Sequunae
1376 1657 1410 1713 et

359 1755 405 1828 ad
414 1781 517 1827 usum
527 1757 760 1854 navigationis
769 1756 1284 1854 evehendarumquemercium
1296 1754 1409 1827 libero

357 1869 519 1960 redditu,
546 1870 656 1943 duces
683 1897 768 1945 suos
799 1897 883 1944 eum
915 1871 1029 1971 copiis
1058 1896 1180 1944 versus
1205 1870 1410 1943 inferiorem

359 1986 613 2059 Normanniam
639 1987 843 2077 destinauit,
868 1987 929 2060 ubi
952 1988 997 2060 ad
1022 2002 1176 2059 castrum
1201 1990 1408 2083 Essayum¹‚

359 2100 459 2201 quod
475 2100 657 2200 spectabat
669 2101 753 2174 duci
772 2100 956 2174 Alenconii
974 2101 1056 2199 (sed
1073 2100 1190 2173 adhue
1207 2101 1325 2199 ipsum
1343 2106 1410 2173 An·

359 2216 439 2317 glici
452 2216 691 2313 detinebant),
706 2231 819 2289 castra
833 2218 954 2289 metati
968 2230 1062 2289 sunt.
1076 2216 1200 2289 Solum
1212 2218 1308 2288 euim
1325 2215 1412 2288 ittud

359 2347 514 2405 castrum
548 2357 630 2404 curn
656 2346 770 2403 cestro
797 2332 1150 2429 Dompni-Frontis¹,
1182 2330 1275 2401 iufra
1303 2344 1413 2403 terras

360 2446 519 2543 ejusdem
535 2446 653 2540 ducis,
680 2447 813 2544 Anglici
837 2462 922 2519 tunc
937 2445 1109 2518 tenebant
1117 2472 1127 2533 ς
1148 2469 1232 2517 nam
1250 2458 1332 2516 aute
1354 2470 1413 2517 ur-

359 2560 415 2634 bis
444 2561 734 2662 Rothomagensis
761 2563 1086 2661 recuperationem,
1111 2562 1206 2633 cives
1229 2559 1413 2632 Alenconii

360 2691 395 2749 et
415 2678 640 2774 Argentonii,
667 2692 702 2750 et
723 2677 984 2767 Bellismenses‚
1004 2678 1041 2748 in
1059 2677 1228 2749 comitatu
1247 2676 1411 2767 Perfici',

360 2814 435 2862 sese
458 2790 654 2885 dederant,
682 2816 765 2863 cum
782 2791 829 2864 ad
846 2816 908 2863 eos
925 2791 1090 2863 nonnulli
1107 2790 1242 2862 ducum
1260 2794 1413 2861 Franco-

361 2929 442 2977 rum
460 2930 545 2979 cum
561 2906 771 2980 militaribus
784 2908 896 3007 copiis
911 2907 1174 2981 adventassent.
1193 2911 1332 3005 ltaque,
1351 2904 1415 2977 ob-

359 3020 499 3093 sidione
518 3047 593 3094 non
611 3023 718 3120 longa
741 3048 809 3095 nec
824 3022 979 3095 multum
1000 3021 1156 3113 difficili,
1174 3020 1322 3123 hujusce
1338 3044 1413 3093 cus·

363 3150 458 3206 trum
475 3140 646 3233 Essayum
664 3152 849 3235 receptum
867 3138 946 3208 est‘.

402 3375 431 3431 t.
454 3370 550 3438 Esset,
568 3368 754 3443 aujouruhui
767 3368 839 3428 dans
853 3366 1117 3427 t’arrondissement
1132 3365 1290 3445 d’Alenpou
1303 3369 1412 3442 (Ome).

401 3462 433 3522 2.
456 3458 620 3518 nontrom.

403 3553 432 3609 3.
455 3548 600 3624 Aleum,
614 3550 761 3625 Argenuus
777 3558 807 3603 et
819 3542 962 3619 Bellene,
975 3542 1047 3603 dans
1060 3544 1088 3603 le
1098 3544 1192 3603 conte
1205 3543 1241 3603 de
1255 3544 1372 3605 Perche.

402 3646 432 3702 t.
455 3638 542 3699 Selon
555 3636 664 3698 Robert
682 3635 818 3705 ntondet,
838 3635 860 3694 it
877 3639 928 3713 n'y
946 3647 996 3695 eut
1014 3654 1065 3714 pus
1083 3636 1177 3695 meme
1196 3633 1232 3693 de
1254 3634 1343 3715 siege.
1363 3638 1417 3693 Les

363 3749 433 3811 gens
456 3728 579 3786 d’mnes
600 3726 717 3787 duduc
742 3726 900 3802 d’Aleneon
926 3729 970 3801 s'y
989 3723 1206 3785 introduisirent
1219 3743 1272 3801 par
1290 3722 1418 3802 surprise

362 3816 489 3899 pendent
508 3836 566 3894 que
585 3816 614 3874 la
632 3814 768 3894 gamunu
786 3832 911 3895 presque
926 3826 990 3873 tout
1006 3814 1115 3873 entiere
1131 3814 1199 3871 &tait
1221 3814 1307 3871 sortie
1328 3812 1364 3869 de
1390 3812 1417 3870 ta

363 3908 431 3968 ville
447 3926 523 3987 pour
539 3906 611 3967 aller
628 3904 753 3985 prendre
772 3904 811 3963 du
830 3903 945 3983 poisson
964 3906 982 3961 t
1001 3922 1041 3961 un
1060 3903 1144 3983 etnng
1161 3906 1250 3981 qu’on
1268 3900 1366 3961 venuit
1380 3900 1417 3961 de

364 3995 457 4059 vider.
473 4002 599 4056 Assertio
612 4000 813 4069 normannie,
828 3993 850 4055 l.
866 3994 911 4064 11,
928 4012 954 4051 c.
972 4012 1039 4051 xtu.
