3892 5892
495 908 533 964 eo
778 905 1038 965 fflsroannuu
1058 905 1196 967 emon
1207 868 1269 963 'vn

495 1031 723 1131 propositum
744 1044 780 1102 et
799 1031 1052 1124 constitutum,
1071 1055 1144 1129 quo
1167 1030 1401 1130 procliviores
1425 1032 1555 1105 milites

494 1148 690 1246 Anglorum
714 1146 760 1220 ad
782 1146 1080 1245 exstinguendum
1104 1146 1190 1219 illud
1217 1146 1424 1247 pestiferum
1443 1148 1554 1221 latro·

493 1250 582 1337 num
612 1290 723 1363 genus
748 1264 998 1358 redderentur,
1026 1266 1106 1349 cui,
1134 1288 1245 1336 more·
1262 1263 1398 1363 bydrae,
1419 1263 1465 1337 de
1480 1290 1553 1363 qua

495 1395 608 1480 poetae
620 1382 716 1453 velut
734 1393 897 1478 serpente
912 1378 1072 1478 quodam
1088 1380 1200 1452 locuti
1217 1396 1313 1472 sunt,
1327 1406 1403 1453 uno
1414 1364 1553 1454 succiso

493 1497 622 1595 capite,
642 1497 710 1568 tria
735 1519 876 1593 semper
900 1496 1039 1567 renasci
1054 1493 1280 1568 videbantur.
1301 1500 1477 1570 Feruntur
1492 1496 1554 1569 ali·

493 1612 640 1710 quando
658 1614 695 1683 in
715 1636 812 1684 anno
830 1637 904 1684 uno
921 1612 957 1683 in
977 1612 1210 1701 Normannia,
1228 1614 1335 1685 variis
1352 1614 1390 1683 in
1407 1611 1495 1684 locis
1511 1609 1553 1685 ac

489 1728 654 1828 judicum
678 1724 935 1817 tribunalibus,
956 1740 1030 1799 tam
1049 1728 1095 1800 de
1112 1728 1198 1826 ipsis
1215 1752 1324 1825 quam
1344 1727 1389 1799 de
1414 1750 1554 1800 eorum·

493 1849 578 1919 dem
602 1844 901 1944 receptatoribus,
929 1844 1062 1942 quibus
1084 1870 1160 1918 non
1188 1845 1356 1918 dissimile
1376 1844 1553 1943 judicium

494 1960 724 2047 reddebatur,
744 1959 891 2060 publico
899 1960 1055 2057 judicio,
1079 1962 1136 2033 vel
1152 1962 1267 2059 capite
1281 1960 1375 2060 plexi
1392 1961 1449 2033 vel
1466 1963 1555 2061 pati·
1626 2010 1632 2019 -

493 2078 586 2150 bulis
602 2075 696 2148 affixi
719 2077 812 2149 ultra
835 2075 961 2149 decem
988 2076 1111 2150 millia.
1137 2078 1227 2149 Sciri
1247 2079 1344 2149 enim
1362 2075 1434 2149 boe
1451 2077 1553 2151 facile

493 2207 634 2293 poterat
657 2217 699 2264 ex
724 2192 876 2293 publicis
898 2194 1103 2281 ratiociniis,
1127 2218 1224 2281 cum,
1243 2207 1283 2265 ut
1305 2194 1550 2294 praemisimus,

494 2335 535 2382 ex
553 2310 668 2409 capite
684 2308 872 2406 cujuslibet
891 2308 936 2380 ad
956 2308 1117 2406 judicem
1139 2309 1299 2397 adducti,
1322 2311 1377 2383 vel
1393 2309 1500 2382 etiam
1516 2310 1551 2384 in

493 2426 746 2524 prosecutione
768 2426 960 2524 perempti,
979 2425 1166 2522 praemium
1191 2426 1415 2524 propositum
1432 2424 1553 2497 'exsol-

493 2556 650 2614 veretur.
670 2547 712 2613 Et
728 2556 846 2612 tamen
863 2565 930 2611 nee
946 2539 1007 2611 tali
1028 2540 1209 2635 diligentia
1229 2554 1336 2637 atque
1349 2562 1435 2612 cura
1450 2538 1554 2613 reddi

493 2659 609 2757 potuit
631 2656 677 2729 ab
698 2657 755 2729 illa
780 2672 879 2755 peste
894 2656 1009 2755 patria
1034 2654 1146 2728 libera
1168 2671 1204 2729 et
1228 2656 1417 2747 immunis,
1436 2655 1554 2729 donec

492 2773 627 2846 ditione
645 2797 686 2845 ac
707 2740 883 2871 potessste
897 2770 1092 2867 Auglorum
1113 2786 1231 2865 eruta,
1251 2771 1318 2844 sub
1334 2776 1552 2844 Francorum

491 2880 655 2961 naturale
672 2902 774 2960 terrae
790 2886 982 2985 imperium
997 2888 1157 2965 restituta
1173 2888 1291 2960 suerit.

540 3000 682 3073 Talibus
699 3001 804 3099 igitur
820 3000 935 3094 malis,
951 3000 1040 3074 dum
1055 3003 1240 3101 utriusque
1252 3005 1408 3102 partium
1420 3003 1553 3103 capita·

492 3119 550 3190 nei
569 3132 604 3190 et
620 3119 759 3208 armati,
775 3116 833 3189 rel
852 3130 950 3208 astu,
970 3118 1028 3190 rel
1044 3117 1144 3212 dolo,
1164 3144 1226 3192 seu
1246 3144 1311 3219 per
1327 3120 1475 3193 iusidias
1491 3134 1553 3222 aut

491 3236 707 3309 tradimenta
733 3250 768 3308 et
796 3235 1042 3333 proditiones,
1065 3234 1213 3308 diversae
1234 3237 1344 3336 partis
1372 3236 1554 3329 civitates,

492 3351 626 3451 oppida
651 3366 686 3424 et
709 3351 949 3441 munitiones,
975 3353 1222 3451 potiusquam
1240 3353 1347 3425 armis
1368 3366 1404 3424 et
1424 3351 1552 3427 bellica

492 3468 714 3560 fortitudine,
734 3470 875 3566 quoties
891 3484 1049 3568 possent,
1069 3469 1253 3545 studerent
1270 3470 1454 3567 acquirere
1468 3468 1548 3559 sibi,

492 3610 595 3685 agros
618 3585 805 3683 populare,
829 3584 980 3657 colonos
1007 3585 1185 3658 abducere
1206 3600 1242 3657 et
1267 3584 1480 3658 eruciatibus
1494 3585 1550 3657 vel

493 3727 621 3777 necare
642 3702 698 3773 vel
718 3700 891 3797 affligere5
910 3700 1000 3774 dum
1017 3703 1124 3775 etiam
1138 3705 1201 3800 qui
1215 3702 1381 3801 Brigandi
1398 3701 1551 3802 appella-

492 3821 636 3909 bantur,
653 3816 742 3889 nulli
754 3842 922 3913 agrorum
939 3818 1067 3890 cultori
1085 3820 1140 3892 vel
1153 3820 1254 3893 alteri
1269 3821 1425 3918 quietem
1442 3818 1551 3891 ullam
1591 3813 1594 3818 ’

493 3936 763 4037 permitterent,
780 3933 945 4006 ellectum
955 3949 1020 4027 est,
1035 3934 1144 4033 longo
1160 3933 1331 4037 temporis
1347 3936 1547 4031 intervallo,

494 4067 534 4125 ut
549 4053 691 4126 vastitas
708 4050 780 4141 illa,
801 4066 837 4122 et
861 4050 1016 4125 desertio
1035 4051 1216 4126 horrenda
1233 4069 1414 4127 tantarum
1433 4056 1551 4152 reglo-

494 4194 595 4259 num,
609 4170 698 4245 sicut
710 4167 785 4264 jam
801 4165 1040 4265 praediximus,
1059 4182 1280 4266 sequeretur.
1300 4168 1398 4259 Quid
1413 4168 1548 4242 cladem

493 4283 646 4357 reseram
662 4280 825 4356 Carnotil
847 4283 935 4381 quid
959 4284 1204 4358 Cenomannil
1227 4284 1315 4383 quid
1343 4286 1547 4379 Pontisarae,

493 4400 720 4495 insignissimi
736 4399 921 4499 quondam
930 4401 1288 4499 atquellorentissimi
1298 4401 1441 4502 oppidi!
1462 4402 1550 4499 quid

495 4516 668 4611 Senonis,
687 4517 776 4615 quid
795 4518 955 4592 Ebroicis
971 4520 1175 4612 civitatum,
1198 4532 1234 4593 et
1253 4518 1406 4592 aliorum
1424 4543 1551 4619 quarn·

495 4634 879 4734 plurimuullocorum,
898 4660 994 4734 quae,
1007 4662 1072 4737 per
1091 4637 1237 4712 insidias
1250 4654 1312 4713 aut
1326 4636 1549 4739 proditiones
