3892 5892
784 939 896 998 emm
915 939 1066 1002 antuus.
1413 943 1453 1000 25

395 1074 471 1134 tare
495 1061 639 1155 asserit,
660 1061 823 1135 animum
843 1061 1018 1155 intendit;
1036 1060 1224 1135 biennium
1248 1063 1454 1162 impartiens

394 1177 564 1250 exercitui
576 1192 614 1251 et
627 1177 731 1251 classi
746 1177 1000 1270 instaurandis,
1012 1179 1126 1252 multo
1137 1177 1332 1276 majoribus
1344 1203 1453 1278 quam

393 1309 543 1394 perante
554 1293 747 1389 habuerat,
764 1296 854 1370 dnm
869 1297 986 1395 prima
999 1297 1077 1368 vice
1093 1294 1269 1395 oppidum
1284 1295 1454 1370 Harelloti

394 1411 595 1486 obsederat.
606 1411 678 1488 sed
691 1428 746 1506 ut,
757 1439 803 1488 eo
818 1413 1030 1488 decurrente
1046 1412 1217 1514 temporis
1233 1413 1360 1512 spatio,
1376 1438 1452 1488 non

392 1529 612 1628 quieverint¹
627 1530 772 1623 Franci,
790 1531 855 1629 qui
868 1530 1063 1604 Armiuiaci
1076 1529 1300 1623 dicebantur,
1319 1541 1356 1602 et
1368 1533 1454 1602 Bur·

393 1645 595 1742 gundiones
611 1645 803 1721 acivilibus
815 1648 888 1721 suis
903 1646 1218 1738 contentionibus;
1237 1670 1305 1746 pro
1322 1647 1453 1745 quibus

393 1761 462 1835 bac
477 1777 513 1836 et
528 1761 626 1857 illac,
642 1787 727 1836 cum
742 1761 953 1837 cohortibus
969 1778 1190 1838 armatorum
1205 1777 1313 1862 atque
1326 1765 1454 1838 satelli-

392 1891 489 1969 tum,
499 1903 600 1953 arma
615 1879 904 1954 circumferentes
916 1892 953 1954 et
967 1879 1070 1953 villas
1081 1894 1189 1979 atque
1205 1903 1308 1978 agros
1319 1880 1454 1977 ubique

393 2011 644 2096 pervagantes,
670 2009 800 2070 cuncta
817 1995 996 2091 caedibus,
1013 1997 1168 2097 rapinis,
1185 2010 1294 2097 atque
1316 1998 1454 2098 injuriis

393 2111 615 2185 multimodis
629 2111 838 2212 implebant.

440 2229 637 2300 Tentarunt
654 2227 763 2301 etiam
778 2227 922 2302 interim
937 2227 1065 2301 manci
1078 2225 1299 2300 Hareflotum
1314 2226 1362 2301 ab
1383 2233 1454 2300 An-

393 2341 491 2440 glicis
507 2341 665 2434 auferre,
682 2357 720 2417 et
734 2358 827 2416 terra
842 2344 1005 2443 marique
1019 2339 1170 2440 Anglos,
1189 2341 1278 2414 inibi
1295 2367 1363 2444 pro
1376 2365 1455 2416 mu·

395 2455 531 2530 nitione
553 2454 742 2550 dimissos,
762 2456 952 2532 obsidione
968 2460 1162 2558 urgebant,
1181 2457 1302 2532 accitis
1320 2456 1454 2530 adhoc

393 2593 486 2669 opus
509 2570 704 2646 duodecim
729 2587 793 2648 aut
815 2573 1090 2672 quatuordecim
1121 2572 1272 2648 navibus
1299 2575 1454 2644 Januen·

393 2686 505 2780 dum,
525 2711 614 2785 quas
628 2685 789 2761 caracas¹
808 2687 1003 2789 appellant,
1021 2715 1105 2764 cum
1121 2689 1197 2764 aliis
1218 2711 1262 2761 ex
1277 2685 1456 2760 littoribus

316 2879 319 2882 ⁴
392 2805 514 2902 patrias
538 2805 738 2905 permultis.
764 2806 836 2879 Sed
855 2830 941 2879 cum
966 2807 1150 2882 ediverso
1175 2805 1323 2880 classem
1345 2828 1366 2877 e
1388 2828 1455 2876 suo

392 2917 511 2993 littore
526 2920 630 3017 Angli
653 2920 918 3014 instmxissent,
943 2923 1047 3022 cujus
1063 2923 1194 2999 ductor
1208 2921 1273 2994 suit
1288 2919 1362 2994 dux
1376 2925 1455 2994 Bet·

392 3035 535 3131 sordiae,
560 3036 650 3110 alter
665 3061 922 3134 germanorum
942 3041 1055 3136 regis,
1080 3041 1224 3140 dequo
1247 3061 1357 3138 supra
1380 3061 1455 3110 me-

393 3152 600 3247 minimus⁸,
620 3167 676 3246 ct,
695 3177 870 3253 prospero
892 3153 1070 3229 adductus
1083 3169 1215 3249 vento,
1236 3177 1320 3226 cum
1346 3153 1455 3226 classe

393 3272 613 3344 Francorum
629 3284 666 3344 et
676 3270 1262 3368 tennensiumtcongressusesset,
1273 3292 1386 3368 parvo
1399 3293 1454 3342 sa·

393 3387 438 3460 tis
457 3386 605 3484 negotio
628 3385 731 3459 victis
754 3383 935 3477 hostibus,
959 3401 996 3459 et
1018 3411 1145 3460 eorum
1171 3383 1323 3458 navibus
1342 3385 1455 3482 captis

392 3503 451 3576 vel
460 3503 668 3598 submersis,
680 3502 859 3604 oppidum
873 3503 993 3603 ipsum
1011 3502 1217 3592 obsidione,
1229 3523 1302 3600 qua
1313 3525 1454 3599 preme·

393 3617 717 3712 bmnmmma

433 3835 463 3892 l.
485 3831 595 3903 Plutdt,
608 3833 661 3890 sed
674 3835 951 3910 st....·qur'ercmar.

432 3930 464 3989 Ξ.
485 3929 628 4004 caraque.

434 4018 463 4076 8.
485 4013 653 4091 Gi-dessus,
667 4034 699 4094 p.
711 4015 761 4074 ts.

434 4110 465 4168 t.
486 4111 567 4167 Dans
576 4104 605 4166 le
621 4104 790 4178 manuscrit,
804 4123 866 4162 curn
880 4106 970 4161 classe
983 4099 1022 4162 ad
1035 4105 1207 4161 Francorum
1220 4113 1248 4158 et
1258 4101 1453 4160 lensensium.

435 4199 465 4254 s.
486 4198 646 4274 comparer
666 4193 696 4254 le
714 4193 787 4253 tecit
805 4191 847 4252 du
868 4191 1022 4273 Religieux
1046 4190 1084 4251 de
1103 4187 1298 4262 sitne-nens,
1322 4189 1452 4248 Chroatc.

394 4283 1072 4362 mmnnmmmffimuupm.
