3892 5892
511 931 567 985 300
800 928 1056 987 mstoamnotu
1077 931 1212 989 cauom
1233 931 1284 990 Vll

842 1203 1098 1272 CAPITULUM
1122 1203 1230 1272 xvtt.

549 1394 671 1464 Qualiter
680 1397 810 1451 Henricus
821 1417 885 1463 rex,
896 1391 981 1452 'victus
992 1398 1020 1451 in
1034 1399 1112 1454 tertio
1124 1399 1215 1472 prelio
1224 1440 1232 1467 ,
1242 1395 1308 1472 fugit
1317 1396 1345 1452 in
1355 1398 1486 1472 Scotiam,
1498 1411 1523 1454 et

712 1485 851 1541 Edoardus
862 1487 890 1539 in
902 1488 1049 1558 anglorum
1060 1508 1148 1560 regem
1160 1501 1198 1542 est
1206 1489 1370 1544 sublimatus.

564 1655 614 1724 Ex
636 1650 748 1723 tribus
767 1653 872 1747 igitur
894 1653 1149 1725 cruentissimis
1166 1653 1310 1752 praeliis,
1329 1652 1463 1749 quibus
1476 1651 1574 1721 inter

513 1793 550 1839 sc
568 1768 669 1863 Angli
686 1767 916 1857 dimicarunt,
935 1770 1146 1856 commissis,
1173 1769 1290 1868 primo
1312 1767 1494 1864 januario,
1515 1791 1573 1836 se-

514 1885 635 1956 cundo
655 1883 852 1973 februario,
871 1898 906 1955 et
932 1887 1037 1957 tertio
1060 1885 1189 1956 martio
1211 1882 1394 1955 mensibus
1411 1882 1573 1982 proxime

514 1997 767 2093 sequentibus,
784 1999 821 2069 in
838 1998 982 2072 duobus
999 1998 1179 2097 prioribus
1204 2000 1378 2070 Henricus
1393 2013 1429 2070 et
1452 1997 1572 2092 regina

515 2138 705 2211 prosperos
721 2115 804 2186 satis
818 2140 1000 2188 successus
1022 2116 1256 2206 invenerunt,
1276 2119 1312 2185 in
1330 2114 1436 2186 tertio
1453 2127 1571 2183 autem

514 2229 655 2326 penitus
672 2254 797 2302 eorum
814 2256 871 2304 res
891 2232 1055 2328 viresque
1079 2229 1243 2328 collapsae
1266 2243 1361 2302 sunt.
1382 2234 1470 2299 Nam
1489 2251 1571 2297 cum

515 2343 582 2440 ipsi
605 2347 760 2416 Henrico
776 2345 958 2417 calamitas
973 2345 1142 2416 nuntiata
1158 2343 1296 2428 suisset,
1317 2342 1486 2440 quodque
1507 2367 1575 2412 su-

516 2461 703 2558 perstitum
725 2488 767 2534 ex
784 2463 855 2534 suis
879 2487 1006 2558 magna
1024 2485 1107 2559 pars
1122 2459 1319 2532 victoribus
1342 2485 1379 2530 se
1396 2458 1573 2544 dedisset,

517 2576 641 2671 etjam
659 2577 693 2647 in
712 2602 824 2675 regno
842 2601 1019 2672 nusquam
1036 2575 1126 2647 soret
1143 2574 1210 2646 sibi
1226 2587 1345 2646 tutum
1360 2573 1573 2658 consistere,

518 2689 665 2760 dimisso
685 2690 861 2781 Eboraco,
876 2691 912 2761 in
929 2690 1085 2761 Scotiam
1103 2689 1270 2786 aufugere
1286 2687 1491 2786 compulsus
1508 2695 1572 2772 est,

519 2804 581 2877 ubi
612 2831 676 2905 per
706 2830 823 2878 annos
857 2807 995 2902 aliquos
1026 2805 1125 2876 exsul
1155 2819 1191 2876 et
1223 2803 1394 2903 profugus
1423 2802 1573 2874 delituit.

518 2918 706 2991 Edoardus
728 2936 865 3008 autem,
887 2921 1028 2991 noviter
1045 2921 1082 2992 in
1105 2946 1224 3017 regem
1244 2934 1460 3019 assumptus,
1479 2931 1577 3017 post·
1632 2913 1643 2930 '

519 3059 627 3131 quam
643 3035 792 3107 victoria
809 3036 942 3135 potitus
965 3050 1034 3128 est,
1059 3060 1143 3108 cum
1163 3061 1291 3132 magno
1317 3033 1499 3134 triumpho
1516 3058 1578 3104 ex-

518 3163 641 3246 ceptus
669 3173 690 3222 a
713 3151 849 3222 civibus
876 3150 1144 3225 Londoniarum
1167 3167 1202 3224 et
1227 3152 1369 3252 populis
1394 3151 1512 3248 regni,
1539 3151 1576 3220 in

519 3266 637 3360 re'gern
668 3265 796 3363 tngliae
827 3267 1034 3338 solemniter
1062 3281 1115 3340 est
1149 3270 1333 3356 inunctus;
1358 3281 1393 3338 et
1419 3292 1439 3338 e
1465 3265 1577 3336 domo

520 3381 750 3469 bencastriae,
775 3382 821 3453 de
838 3407 911 3478 qua
929 3384 1102 3454 Henricus
1118 3385 1292 3479 originem
1306 3381 1482 3472 habebat,
1506 3380 1578 3452 dia·

520 3495 626 3567 dema
643 3498 743 3592 regni
765 3511 800 3567 et
820 3498 1023 3594 principalis
1050 3511 1206 3594 potestas
1232 3497 1278 3570 ad
1302 3523 1414 3592 genus
1430 3511 1465 3568 et
1483 3495 1579 3568 sami-

520 3613 604 3684 liam
628 3613 812 3686 Richardi¹
833 3614 1002 3686 revolutae
1026 3629 1133 3711 atque
1165 3616 1342 3686 restitutae.
1370 3618 1459 3686 Nam
1482 3637 1501 3685 a
1523 3612 1579 3680 Ri-

521 3728 671 3820 chardo,
688 3755 770 3827 rege
785 3729 970 3826 quondam
985 3730 1126 3827 Angiiae,
1141 3727 1249 3827 quem
1264 3730 1436 3801 Henricus
1446 3729 1579 3826 primus

421 3927 428 3949 .
524 3846 731 3916 Lencastriae
759 3869 871 3940 regno
897 3845 1002 3917 simul
1033 3860 1068 3916 et
1095 3845 1168 3916 vita
1195 3846 1412 3943 privaverat,
1448 3866 1512 3939 per
1538 3841 1562 3912 li

523 3985 628 4032 neam
645 3975 779 4030 rectam
799 3958 873 4030 dux
892 3959 1042 4031 Eboraci
1061 3959 1223 4058 praefatus
1243 3973 1279 4031 et
1299 3961 1363 4032 iste
1381 3957 1473 4030 filius
1491 3957 1577 4053 ejus,

523 4074 729 4163 Edoardus,
749 4073 973 4145 descendisse
990 4073 1205 4146 serebantur.

572 4188 623 4260 td
642 4189 699 4285 jus
721 4188 840 4286 itaque
858 4191 993 4261 avitum
1012 4203 1047 4261 et
1063 4203 1264 4281 veternum,
1285 4202 1366 4287 post
1382 4203 1435 4258 tot
1453 4211 1578 4277 annos,

522 4305 586 4376 iste
600 4303 799 4395 Edoardus,
812 4329 876 4404 per
889 4305 994 4377 talem
1014 4304 1347 4404 procellosissimum
1364 4303 1581 4402 populorum

524 4422 654 4516 Angliae
679 4424 961 4494 commotionem
984 4437 1018 4494 ct
1034 4424 1237 4523 principum
1259 4421 1500 4519 quorumdam
1519 4420 1584 4492 sac·

566 4630 594 4688 t.
620 4624 797 4692 nicharon.
