3892 5892
567 832 586 887 a
995 827 1199 886 rnnrano.
1328 805 1331 826 '

566 952 773 1052 hujusmodi
788 977 913 1028 causas
937 951 1155 1044 attollendo,
1175 951 1229 1025 vel
1252 951 1416 1049 nequiter
1440 965 1476 1023 et
1500 949 1642 1022 dolose

565 1095 629 1142 seu
657 1069 832 1166 ignaviter
853 1084 932 1142 acta
955 1068 1097 1142 silentio
1122 1049 1371 1168 praetereundo
1393 1079 1457 1138 aut
1485 1065 1641 1137 nebulis

565 1183 801 1271 confictarum
813 1200 849 1258 et
858 1184 1114 1258 mendosarum
1126 1183 1396 1255 excusationum
1405 1179 1634 1276 obtegendo,

563 1300 751 1373 veritatem
773 1301 927 1373 historia·
951 1315 989 1374 et
1011 1297 1138 1372 debitae
1156 1297 1430 1396 conscriptionis
1453 1321 1637 1394 corrupe-

564 1431 668 1508 runt3
688 1442 735 1489 ne
751 1440 773 1489 a
793 1416 922 1489 talibus
939 1416 1040 1487 vanis
1056 1430 1092 1486 et
1110 1413 1291 1486 mendosis
1305 1413 1437 1511 scripta
1454 1409 1635 1484 adulato-

543 1524 688 1624 ribus,
717 1556 874 1629 quorum
904 1529 1069 1603 nonnulli
1095 1529 1214 1602 forsan
1243 1526 1290 1600 ad
1316 1552 1372 1599 res
1397 1525 1631 1616 scribendas,

562 1660 718 1745 quarum
732 1649 918 1720 veritatem
933 1646 1095 1720 habuere
1109 1646 1177 1747 ipsi
1195 1659 1437 1745 compertam,
1457 1664 1536 1718 sese
1551 1643 1633 1717 ·de-

561 1762 713 1855 derunt,
733 1764 910 1860 legentes,
940 1763 1026 1837 falsa
1050 1787 1120 1862 pro
1139 1762 1231 1836 veris
1258 1758 1530 1860 amplectendo,
1555 1759 1632 1831 cir-

431 1877 434 1883 ’
561 1879 759 1950 cumveniri
790 1903 832 1950 ac
863 1878 982 1978 decipi
1004 1879 1042 1950 in
1068 1891 1255 1977 posterum
1284 1875 1492 1972 contingat,
1517 1873 1631 1947 nobis

560 1994 683 2066 animo
709 1994 827 2066 visum
853 2009 914 2097 est
933 1994 1091 2068 duorum
1109 1999 1327 2067 Francorum
1354 1995 1479 2090 regu'm
1510 1994 1631 2082 nostri

559 2109 624 2180 aevi
643 2131 686 2180 ac
712 2110 884 2209 temporis
900 2133 957 2182 res
973 2125 1109 2207 gestas,
1129 2121 1217 2206 quas'
1235 2130 1365 2204 magna
1387 2131 1430 2179 ex
1450 2119 1552 2205 purte
1567 2109 1631 2181 vel

561 2225 627 2324 ipsi
643 2225 813 2320 vidimus,
831 2225 889 2298 vel
913 2224 1043 2300 talibus
1059 2225 1242 2298 consecuti
1258 2249 1382 2296 sumus
1397 2221 1627 2317 auctoribus,

559 2340 606 2413 ‹le
622 2363 779 2440 quorum
796 2341 868 2414 lide
891 2343 1041 2414 minime
1057 2340 1151 2419 foret
1174 2337 1446 2437 ambigendum,
1473 2337 1626 2430 litteris,

559 2455 604 2528 ad
617 2471 845 2557 posterorum
859 2457 1047 2531 utilitatem
1059 2471 1095 2529 et
1105 2456 1297 2545 cautelam,
1312 2454 1465 2552 dirigere
1477 2467 1512 2526 et
1523 2477 1630 2525 man·

560 2569 659 2645 dare.
680 2573 738 2645 Sic
760 2573 880 2666 enim,
908 2577 987 2644 Deo
1011 2571 1194 2669 adjutore,
1221 2593 1406 2668 speramus
1430 2593 1475 2642 ex
1499 2583 1629 2642 nostro

560 2687 703 2760 litterali
718 2688 794 2759 otio
816 2686 983 2759 nonnihil
998 2685 1200 2782 legentibus
1216 2698 1252 2757 et
1271 2683 1536 2757 attendentibus
1553 2687 1631 2756 uti-

562 2801 685 2890 litatis,
704 2799 805 2897 quod
821 2824 896 2872 non
919 2794 1050 2896 injuste
1067 2799 1262 2897 plurimum
1280 2798 1473 2896 negotiosis
1493 2797 1630 2872 labori·

562 2915 631 2988 bus
644 2914 801 2986 conferri
816 2915 872 2987 vel
889 2916 997 2987 etiam
1013 2915 1165 3016 proferri
1179 2914 1311 3014 possit,
1329 2913 1519 3006 allaturos,
1538 2939 1628 2987 cum

562 3054 606 3101 ex
619 3029 675 3100 his
699 3027 838 3126 liquido
864 3030 1059 3128 unicuique
1085 3045 1207 3130 patere
1236 3031 1350 3130 possit
1372 3055 1481 3128 quam
1513 3031 1630 3129 fragili

562 3147 645 3218 loco
660 3145 861 3217 constitutae
876 3146 949 3222 sint
967 3171 1024 3218 res
1047 3147 1233 3239 humanae,
1252 3160 1288 3216 et
1303 3169 1424 3245 quam,
1441 3147 1479 3218 in
1496 3147 1628 3220 iisdem

562 3287 664 3361 spem
679 3277 872 3361 ponentes,
888 3271 926 3335 se
940 3263 1084 3335 delusos
1097 3277 1132 3334 et
1145 3287 1207 3361 spe
1220 3285 1313 3333 vana
1327 3262 1509 3336 frustratos
1526 3262 1630 3336 lacile

564 3378 759 3450 inveniant.
787 3381 876 3467 Quae
904 3404 980 3472 res,
1009 3379 1038 3452 si
1062 3377 1149 3476 quid
1181 3378 1323 3477 sapiunt
1350 3377 1536 3476 homines,
1563 3405 1630 3454 eos

564 3493 724 3594 prolecto
741 3493 872 3568 ducere
884 3495 1050 3568 debetad
1072 3518 1172 3594 spem
1194 3509 1230 3566 et
1242 3493 1473 3569 dilectionem
1493 3496 1530 3568 in
1547 3499 1630 3569 solo

567 3637 671 3704 vero,
699 3635 841 3684 summo
863 3628 899 3686 et
913 3627 1046 3686 aeterno
1066 3611 1167 3684 bono
1185 3609 1364 3709 figendam
1385 3626 1421 3684 et
1443 3638 1632 3712 reponen-

564 3727 663 3801 dam.

614 3841 754 3930 Quibus
768 3842 820 3914 sic
833 3840 1033 3939 praemissis,
1043 3853 1242 3940 susceptam
1253 3842 1496 3918 narrationem
1502 3867 1634 3942 aggre-

565 3959 719 4031 dicmur.
