3892 5892
716 894 1026 968 ununousnrus.
1352 898 1409 957 rsa

358 1029 430 1087 tem
446 1015 690 1115 propinquare
708 1015 903 1109 vel-ferire,
923 1042 998 1091 non
1015 1033 1129 1091 castra
1152 1030 1271 1090 tenere
1294 1016 1351 1091 vel
1373 1020 1409 1091 iu

357 1129 525 1229 presidiis
544 1129 762 1230 oppidorum
779 1156 843 1205 seu
863 1147 1062 1205 castrorum
1085 1133 1276 1205 consistere
1293 1156 1410 1207 assue-

357 1262 510 1339 verant,
530 1246 593 1321 sed
609 1270 712 1343 agros
734 1249 931 1348 populare,
953 1248 1090 1350 predas
1112 1272 1234 1347 agere,
1262 1249 1412 1323 rusticos

355 1388 531 1463 pauperes
554 1378 661 1461 atque
686 1366 841 1439 inermes
867 1366 1019 1466 spoliare
1044 1391 1108 1443 seu
1136 1366 1290 1464 affligere
1315 1367 1413 1465 (erat

356 1478 490 1578 quippe
502 1477 627 1551 talium
641 1502 741 1577 paene
756 1479 945 1555 innumera
971 1478 1164 1553 multitudo
1187 1504 1251 1581 per
1266 1504 1412 1555 omnem

358 1592 507 1666 Galliam
536 1594 785 1692 hujuscemodi
814 1595 1092 1694 malignitatibus
1116 1594 1275 1694 imbuta)
1292 1653 1301 1687 ,
1317 1596 1413 1671 illam

360 1708 623 1784 multitudinem
646 1711 723 1810 ipse
740 1735 801 1785 rex
818 1711 979 1810 undique
1000 1715 1194 1788 convocari
1213 1728 1247 1785 et
1264 1712 1413 1787 adscisci

358 1826 565 1925 imperavit,
593 1841 632 1899 ut
651 1851 773 1899 secum
795 1828 833 1900 iu
857 1828 1122 1926 lotharingiam
1148 1843 1183 1901 et
1202 1808 1413 1901 Metensium

358 1938 447 2015 fines
462 1943 757 2041 proficisceretur.
771 1942 957 2015 ‘Lubenter
971 1958 1091 2017 autem
1101 1942 1258 2040 jussibus
1274 1942 1412 2015 obtem·

355 2073 538 2153 perantes,
554 2060 703 2131 scientes
720 2082 823 2155 agros
839 2058 910 2131 illic
925 2082 1000 2131 esse
1014 2058 1208 2157 locupletes
1223 2074 1329 2155 atque
1341 2058 1413 2130 suis

355 2174 503 2245 assuetis
518 2172 700 2271 praedandi
714 2174 887 2245 exercitiis
901 2187 1139 2271 opportunos,
1162 2196 1289 2245 omnes
1304 2174 1414 2247 secuti

355 2301 438 2357 sunt
453 2312 585 2383 regem.
605 2291 648 2360 Et
661 2310 743 2386 pars
756 2286 904 2385 quidem
916 2310 989 2360 una
1006 2310 1089 2373 cum
1109 2284 1304 2375 Ludovico,
1323 2286 1414 2383 regis

355 2402 443 2494 filio,
462 2404 621 2503 prolecta
639 2419 693 2482 est
717 2428 837 2477 versus
860 2401 1104 2477 Basiliensium
1121 2417 1156 2474 et
1176 2402 1410 2473 Suitensium¹

357 2516 461 2613 lines3
479 2544 561 2620 pars
583 2546 669 2593 vero
690 2520 726 2592 in
743 2519 989 2617 Lotharingia,
1010 2518 1070 2591 ubi
1088 2542 1149 2591 rex
1169 2516 1231 2589 diu
1248 2517 1361 2588 stetit'
1375 2517 1413 2587 in

354 2637 489 2736 oppido
514 2636 610 2710 dicto
626 2637 838 2726 Nanceium,
865 2635 1077 2736 permansit,
1105 2628 1292 2705 effundens
1311 2656 1349 2705 se
1376 2632 1412 2703 in

353 2752 565 2825 lietensium
593 2766 629 2823 et
654 2749 889 2844 Lotharingiae
912 2772 1042 2847 agros,
1073 2746 1276 2819 invasiones
1306 2744 1413 2821 etiam

354 2866 485 2941 faciens
500 2861 695 2967 aliquando
712 2888 826 2963 usque
842 2888 942 2965 pene
959 2861 1219 2936 Trevirensium
1234 2858 1336 2933 fines.

694 3097 967 3168 -csrlruuurt
994 3096 1053 3163 111.

353 3258 471 3325 Qualiter
479 3272 528 3310 rex
540 3257 669 3322 Carolus,
681 3255 710 3309 in
723 3254 895 3325 lothrinpia
911 3252 1053 3321 exsistens,
1065 3250 1188 3305 ordinem
1200 3252 1227 3305 in
1240 3270 1286 3305 sua
1299 3252 1411 3322 equestri

413 3347 504 3402 militia
516 3347 666 3420 composuit
676 3360 703 3401 et
711 3346 783 3400 mille
791 3343 1060 3416 quingenmlanoeas
1071 3339 1219 3395 ordinarint
1228 3340 1346 3395 retinnit.

401 3498 493 3564 Cum
514 3493 634 3589 itaque
654 3490 821 3562 sinestra
836 3510 987 3583 regnum
1011 3488 1247 3573 Francorum,
1266 3506 1409 3554 exesum

353 3624 439 3682 tunc
463 3621 499 3680 et
524 3606 624 3679 omni
650 3604 820 3705 pauperie
849 3617 955 3699 atque
985 3600 1105 3698 inopia
1131 3596 1324 3696 repletum,
1352 3592 1410 3667 illa

352 3722 544 3798 multitudo
560 3724 597 3794 in
614 3744 718 3819 agros
743 3733 777 3792 et
803 3732 912 3793 terras
928 3715 1005 3792 illas
1021 3713 1150 3787 fertiles
1174 3708 1409 3805 Lotbaringioe

352 3856 387 3912 ct
404 3841 540 3913 Alzatiae
556 3838 684 3911 educta
700 3835 841 3921 luisset,
864 3858 926 3905 rex
940 3828 1090 3903 Carolus
1106 3826 1294 3901 consilium
1311 3848 1409 3897 acce·

352 3956 405 4052 pit
420 3982 503 4027 cum
520 3955 593 4026 suis
609 3950 808 4053 potioribus
826 3948 958 4020 militiae
978 3944 1129 4018 ducibus
1141 3957 1175 4015 et
1192 3939 1409 4041 primoribus

353 4070 491 4141 consilii
508 4072 584 4159 sui,
603 4068 649 4140 de
673 4064 868 4163 redigendo
885 4076 920 4134 et
943 4057 1171 4159 disponendo
1194 4080 1295 4129 suam
1318 4054 1410 4127 mili-

353 4184 439 4256 tiam
455 4182 501 4256 ad
518 4199 655 4256 certum
669 4195 704 4254 et
725 4178 1002 4252 determinatum
1019 4196 1231 4263 numerum3
1248 4194 1326 4267 quae
1342 4168 1409 4241 sub

351 4300 457 4373 certis
471 4297 642 4388 ducibus,
662 4298 724 4395 qui
739 4298 777 4368 in
799 4292 906 4366 rebus
928 4290 1063 4364 bellicis
1084 4289 1193 4383 tnagis
1217 4286 1410 4361 industrios

392 4528 423 4589 l.
442 4526 497 4583 Les
514 4520 609 4581 Bllois
625 4520 713 4593 (alors
725 4517 895 4599 Impcriaux
907 4512 1006 4584 libres)
1018 4524 1046 4571 et
1060 4510 1101 4571 les
1110 4508 1229 4569 Suisses.
1253 4580 1258 4602 Ι

392 4615 422 4676 2.
447 4610 575 4675 Perdant
588 4609 654 4689 cinq
666 4610 748 4671 mois.
