3892 5892
750 897 861 959 uultu
886 896 1091 957 SMUNDUS.
1416 900 1451 957 91

392 1032 475 1094 tuor
505 1016 616 1093 millia
647 1020 811 1093 vitorum
838 1036 932 1113 erat3
959 1020 1042 1118 sed,
1079 1022 1163 1096 licet
1185 1023 1458 1123 comparatione

391 1135 570 1225 hostium,
590 1138 736 1235 «exigui
752 1165 924 1233 numero,
946 1157 1067 1215 tamon
1087 1140 1248 1242 prolecto
1269 1141 1366 1215 bello
1381 1159 1459 1217 erat

391 1251 510 1328 vivida
521 1254 646 1329 virtus.
662 1282 679 1325 u
693 1257 817 1330 Renati
828 1272 948 1332 autem
962 1258 1151 1352 exercitus,
1165 1281 1207 1330 ex
1218 1258 1456 1358 lotharingis,

392 1372 546 1465 Francis,
561 1370 778 1465 Alemannis,
794 1376 988 1475 plusquam
998 1378 1124 1473 viginti
1135 1376 1232 1451 millo
1243 1376 1458 1455 bellatorum

392 1510 469 1559 esse
486 1485 681 1580 ferebatur3
698 1488 853 1565 habebat
871 1494 969 1565 enim
992 1493 1126 1566 multos
1146 1492 1288 1565 nobiles
1308 1490 1459 1567 Germa·

391 1620 460 1668 nos
486 1596 532 1671 de
561 1598 686 1673 Rheno
707 1615 742 1673 et
761 1600 1008 1698 adjacentibus
1029 1604 1235 1677 terriscum
1260 1604 1333 1677 suis
1353 1607 1460 1677 etiam

392 1712 637 1812 Lotltaringis3
662 1715 819 1791 habebat
841 1734 877 1791 et
903 1720 1187 1793 strenuissimum
1208 1733 1244 1792 et
1262 1717 1460 1792 famosissi-

392 1852 492 1903 mum
511 1832 738 1930 capitaneum
759 1832 949 1907 dominum
971 1834 1016 1907 dc
1036 1834 1225 1908 Barlasnn
1246 1858 1330 1907 cum
1347 1836 1461 1935 pluri·

391 1944 461 2022 bus
478 1949 635 2021 Francis.

396 2052 399 2062 ’
442 2066 532 2137 Cum
563 2080 682 2139 autem
715 2068 993 2167 Burgundiones
1030 2093 1115 2142 cum
1150 2070 1298 2171 pensato
1328 2072 1461 2145 comite

393 2193 509 2252 castra
530 2181 624 2256 intra
641 2181 909 2279 Lothariugiatn
927 2184 1051 2257 metati
1065 2196 1200 2276 essent,
1219 2199 1256 2259 et
1275 2210 1318 2259 ea
1336 2210 1462 2261 secun·

393 2295 482 2368 dum
507 2296 558 2367 rei
580 2298 741 2373 militaris
766 2315 879 2373 artem
905 2314 1013 2399 atque
1034 2301 1194 2373 instituta
1220 2300 1398 2375 locassent
1419 2328 1462 2376 ac

394 2414 625 2507 munissent,
647 2415 693 2490 ad
712 2444 775 2491 eos
794 2418 958 2519 praelatus
975 2443 1038 2491 rex
1058 2421 1215 2492 Renatus
1229 2419 1462 2493 debellandos

393 2552 480 2601 cum
496 2546 572 2606 toto
590 2558 658 2605 suo
675 2536 830 2607 exercitu
846 2534 1074 2627 adventavit3
1092 2560 1250 2633 quorum
1269 2533 1462 2609 multitudo

393 2647 679 2723 adversariorum
692 2651 908 2749 paucitatem
917 2663 1154 2724 contemnens
1162 2662 1198 2721 et
1207 2652 1307 2751 parvi
1315 2648 1460 2741 faciens,

393 2762 490 2841 illico
506 2783 542 2841 et
558 2766 698 2866 absque
716 2792 819 2841 mora
838 2794 901 2841 eos
921 2768 1031 2842 armis
1046 2767 1222 2866 impetere
1237 2765 1365 2838 voluit.
1392 2770 1462 2837 Eo·

393 2909 475 2959 rum
496 2910 583 2961 vero
605 2888 841 2961 temeritatem
861 2886 1043 2961 refrenare
1063 2900 1232 2975 conatus,
1253 2884 1313 2957 ille
1327 2896 1464 2957 vetem·

394 3026 462 3075 uus
478 3002 579 3077 mites
602 3002 791 3077 Barbasun
813 3029 888 3077 non
906 3004 1040 3102 potuit.
1058 3002 1176 3075 Dabat
1192 3002 1326 3100 quippe
1343 3002 1463 3073 consi·

393 3116 480 3191 lium
492 3119 591 3216 quod
605 3145 678 3193 non
688 3135 806 3194 essent
815 3120 1014 3219 praecipites
1024 3116 1072 3192 ad
1088 3118 1334 3192 invadendum
1342 3115 1463 3191 hostes

396 3246 431 3307 ct
452 3236 717 3310 conserendum
734 3260 892 3336 pugnam
910 3260 996 3309 cum
1015 3235 1121 3335 ipsis,
1142 3234 1207 3332 qui
1224 3248 1340 3310 castra
1358 3233 1463 3317 ,valde

396 3352 534 3423 munita
551 3351 734 3426 habebant
750 3377 834 3425 cum
850 3351 1084 3450 praerogativa
1100 3349 1171 3421 loci
1190 3352 1227 3419 in
1243 3373 1318 3446 qno
1333 3372 1375 3421 ea
1391 3348 1464 3421 col·

396 3466 619 3561 locaverant,
648 3468 820 3567 quodque
844 3467 938 3539 duos
958 3478 1023 3539 aut
1046 3478 1117 3536 tues
1139 3463 1216 3535 dies
1232 3488 1463 3558 congressum

398 3582 599 3673 diliemeut,
626 3598 662 3656 et
687 3609 761 3657 non
790 3582 917 3683 procul
937 3580 985 3654 ab
1005 3579 1056 3653 eis
1076 3594 1191 3653 castra
1215 3591 1461 3669 metarentur3

397 3722 481 3772 cum
495 3700 626 3773 cnime
643 3700 776 3799 patria,
790 3720 870 3797 quae
886 3699 937 3771 eis
952 3696 1118 3798 parebat,
1138 3694 1284 3769 abunde
1301 3694 1465 3794 provide·

398 3829 496 3889 retur
507 3815 554 3889 de
565 3840 713 3890 annona
723 3816 931 3913 caeterisque
946 3813 1153 3888 necessariis
1166 3810 1275 3885 rebus
1286 3835 1353 3884 suo
1369 3834 1465 3883 exer·

398 3932 507 4025 citui,
544 3931 667 4005 hostes
693 3956 802 4025 veru,
842 3930 975 4031 quibus
1007 3930 1131 4002 omnia
1162 3943 1265 4003 erant
1297 3928 1461 4018 inimica,

399 4050 564 4121 omnium
588 4074 710 4123 rerum
733 4062 851 4123 esseut
872 4048 1013 4148 passuri
1041 4048 1078 4119 in
1103 4047 1226 4147 paucis
1249 4037 1378 4119 diebus
1400 4068 1464 4142 pe·

401 4166 541 4237 nuriam
566 4180 601 4239 et
617 4166 665 4239 ad
692 4166 844 4239 alterum
862 4166 907 4238 dc
931 4163 1075 4237 duobus
1097 4177 1323 4258 urgerentur,
1349 4160 1403 4232 vel
1424 4174 1465 4233 ut

400 4278 619 4354 deditionem
638 4281 795 4355 iacerent
811 4295 846 4353 et
864 4281 1045 4379 supplices
1059 4302 1186 4378 pacem
1203 4288 1389 4373 rogarent,
1408 4274 1465 4347 vel

400 4410 458 4487 ut,
477 4396 622 4471 dimisso
644 4398 727 4471 loco
750 4398 941 4489 monstris,
966 4396 1004 4469 iu
1025 4394 1229 4495 patentibus
1243 4394 1380 4493 campis
1396 4416 1463 4465 co·

400 4512 496 4611 piam
522 4512 725 4611 pugnandi,
753 4512 890 4585 seclusa
914 4510 987 4583 loci
1019 4510 1270 4610 ptaerogativa,
1299 4507 1466 4581 hostibus

401 4628 530 4703 darent
547 4658 559 4722 ς
582 4628 620 4703 in
637 4650 710 4727 qua
721 4652 842 4731 pugna
857 4644 893 4701 et
909 4626 1121 4720 certamine,
1139 4623 1376 4699 verisimiliter
1391 4624 1465 4699 auis
