3892 5892
561 904 619 961 240
853 902 1109 962 mstouttnuu
1129 903 1264 962 ennom
1284 906 1337 961 vn

560 1024 707 1097 cineres.
727 1028 767 1095 ln
784 1026 999 1097 monasterio
1017 1049 1103 1098 vero
1117 1027 1236 1098 Sancti
1251 1024 1436 1124 Stephaui¹
1449 1037 1486 1095 et
1498 1023 1632 1118 burgo

561 1135 736 1234 adjacenti
753 1139 850 1235 (licet
866 1137 995 1211 domos
1011 1141 1173 1211 omnium
1190 1165 1290 1238 paene
1305 1137 1627 1226 suburbanorum,

561 1276 640 1349 quae
655 1255 878 1353 amplissimae
894 1269 931 1326 et
943 1254 1138 1350 magnilica
1157 1255 1312 1346 fuerant,
1330 1269 1456 1354 praeter
1474 1279 1630 1326 monas-

561 1369 648 1440 teria
667 1385 704 1441 et
720 1369 899 1463 ecclesias,
919 1371 1133 1442 exussissent
1149 1369 1249 1467 Angli
1270 1370 1356 1442 dum
1376 1370 1442 1442 sibi
1455 1369 1630 1442 viderent

561 1485 788 1558 obsidionem
815 1485 1037 1582 imminere),
1066 1500 1180 1558 castra
1203 1486 1381 1558 locaverat
1401 1485 1476 1583 jam
1501 1485 1628 1557 dictus

561 1626 682 1674 comes
699 1600 981 1691 Richemuudiae,
998 1600 1301 1690 constabularius,
1320 1600 1456 1672 habeus
1476 1624 1519 1672 ex
1544 1600 1628 1670 Bri·

562 1717 705 1789 tonibus
728 1732 764 1789 et
787 1717 914 1789 lrancis
935 1717 1122 1814 sagittariis
1144 1741 1311 1814 magnam
1327 1731 1363 1788 et
1378 1714 1535 1789 validam
1552 1716 1627 1788 mi·

561 1833 686 1905 litiam.
798 1878 801 1883 ·

587 1932 661 2021 ¹lta
688 1947 863 2047 oppidum
886 1973 930 2022 ex
957 1949 1058 2022 omni
1086 1962 1186 2046 parte
1213 1946 1402 2020 obsidione
1431 1945 1622 2020 vallatum.

561 2065 690 2138 Mirum
706 2089 792 2138 vero
821 2081 896 2138 erat
912 2081 948 2138 et
971 2065 1194 2138 horrendum
1211 2066 1386 2164 inspicere
1401 2065 1626 2138 bombardas

561 2205 625 2254 seu
640 2183 810 2283 petrarias
829 2183 984 2278 ingentis
1001 2181 1277 2278 magnitudinis,
1298 2206 1382 2254 cum
1406 2181 1482 2253 aliis
1499 2182 1623 2252 mino·

491 2304 508 2314 ‘
561 2296 660 2369 ribus
672 2296 929 2370 bombardellis
939 2322 1040 2395 paene
1056 2297 1273 2386 innumeris,
1289 2295 1420 2394 quibus
1434 2294 1480 2368 ad
1493 2294 1623 2392 oppidi

561 2414 862 2512 expugnationem
878 2439 919 2486 ex
938 2413 1038 2485 omni
1055 2411 1166 2484 ferme
1189 2425 1289 2510 parte
1305 2413 1422 2510 ipsuru
1444 2411 1622 2511 oppidum

560 2531 719 2603 cinctum
735 2545 831 2624 erat;
849 2553 934 2602 uam
945 2527 991 2600 de
1003 2525 1198 2625 majoribus
1210 2527 1334 2624 viginti
1346 2541 1501 2623 quatuor
1515 2527 1623 2598 luisse

561 2645 823 2734 reseru'ntur,iu
836 2670 990 2745 quarum
1000 2644 1254 2717 nonnullarum
1267 2641 1498 2716 foraminibus
1506 2641 1621 2714 homo

560 2762 689 2835 sedens
714 2761 833 2853 sacile,
864 2761 1000 2833 cervice
1028 2775 1163 2849 erecta,
1191 2774 1283 2830 stare
1312 2759 1497 2856 potuisset.
1531 2761 1622 2846 Quae

561 2877 644 2950 licet
654 2903 780 2949 omnes
795 2879 868 2948 sitae
881 2891 913 2948 et
931 2890 1062 2975 paratae
1074 2874 1121 2948 ad
1130 2874 1312 2970 jaciendas
1325 2889 1443 2972 petrus
1456 2872 1618 2964 luissent,

561 2994 667 3065 unius
684 3005 801 3064 mmeu
818 2992 927 3062 solius
947 2985 1136 3085 jactus'ita
1154 2989 1318 3063 obsessos
1334 2989 1523 3081 exterruit,
1543 3013 1620 3060 me-

560 3107 746 3178 tientes-ex
763 3105 907 3178 modico
929 3103 1035 3203 quale
1063 3106 1262 3206 periculum
1290 3107 1341 3180 eis
1367 3103 1616 3204 impendebat,

560 3221 590 3291 si
606 3222 739 3318 pariter
755 3222 888 3320 moenia
901 3236 937 3292 et
962 3236 1075 3294 turres
1092 3247 1132 3294 ex
1148 3221 1320 3294 omuibus
1338 3243 1513 3318 percussae
1535 3220 1619 3292 litis·

559 3349 664 3424 seut,
691 3350 732 3407 ut
753 3337 870 3410 statim
891 3335 1058 3408 'inducias
1079 3349 1241 3434 peterent
1264 3335 1310 3410 ad
1325 3335 1547 3408 -habendum
1573 3335 1618 3406 de

561 3448 745 3523 deditione
771 3453 993 3548 colloquium
1015 3467 1051 3523 et
1082 3465 1283 3525 tractatum.
1318 3456 1363 3524 Et
1392 3450 1451 3522 ille
1472 3449 1617 3548 quidem

560 3563 769 3639 bombardae
797 3570 933 3666 jactus,
964 3581 1091 3666 praeter
1121 3567 1256 3639 ducum
1281 3566 1570 3664 dispositionem,
1597 3591 1617 3638 a

560 3683 729 3780 magistro
748 3682 956 3754 bombardae
973 3683 1087 3755 lactus
1104 3681 1229 3754 luerat.
1249 3685 1330 3753 Erat
1343 3681 1544 3756 bombarda
1553 3681 1615 3752 sita

560 3821 675 3897 prope
692 3796 845 3889 vallum,
866 3823 910 3869 ex
928 3797 1094 3868 inferiore
1110 3813 1208 3896 parte
1225 3779 1423 3882 suburbani
1438 3811 1616 3870 monaste·

561 3913 605 3984 rii
635 3915 771 3983 Sanctae
792 3911 991 4000 Trinitatis,
1016 3910 1062 3982 ad
1088 3911 1263 3985 directum
1287 3913 1360 3984 sive
1389 3925 1616 4011 prospectum

562 4025 748 4123 cujusdam
762 4027 887 4116 turris,
904 4027 939 4097 in
954 4024 1133 4098 moenibus
1149 4027 1287 4125 oppidi.
1306 4031 1375 4098 Pro
1392 4029 1615 4098 munimento

561 4142 599 4214 iu
623 4165 664 4214 ea
690 4142 777 4213 turri
804 4155 906 4214 erant
927 4157 1082 4239 quatuor
1107 4155 1169 4213 aut
1195 4142 1353 4239 quinque
1379 4141 1512 4239 Anglici
1534 4131 1615 4247 cum

562 4257 745 4330 nonnullis
760 4258 864 4330 satuis
875 4258 1067 4355 juvenibus
1083 4258 1128 4331 de
1145 4259 1298 4358 oppido,
1317 4259 1380 4358 qui
1399 4261 1575 4344 convitiis,
1583 4273 1616 4331 et

562 4375 703 4472 probris
715 4376 847 4474 jugiter
861 4374 1180 4472 Rotbomagenses,
1197 4376 1259 4473 qui
1273 4375 1317 4448 ad
1334 4364 1615 4476 custodiaui'illic

603 4629 632 4690 l.
653 4626 799 4706 L’abbaye
814 4629 850 4690 de
864 4619 1098 4702 saint-Euenus,
1111 4627 1186 4688 alors
1198 4625 1267 4688 hors
1280 4627 1331 4690 des
1342 4648 1422 4690 murs
1437 4626 1474 4691 de
1489 4591 1575 4692 deu.
