3892 5892
720 950 829 1007 unm
851 949 1034 1023 unsaros
1333 951 1389 1007 aar

343 1094 428 1169 gore
439 1125 450 1163 ,
463 1084 559 1144 metu
579 1070 781 1144 vehementi
797 1085 904 1168 atque
917 1086 1052 1143 terrore
1068 1070 1201 1171 anglici
1215 1070 1394 1164 deterriti,

343 1211 417 1259 non
433 1186 531 1259 aliud
547 1210 655 1285 qnam
669 1186 949 1258 internecionem
962 1186 1148 1259 imminere
1162 1186 1392 1280 arbitrantes,

343 1302 425 1375 licet
441 1302 489 1376 ad
506 1303 573 1375 tria
589 1301 698 1375 millia
715 1302 917 1401 etamplius
939 1303 976 1373 in
994 1302 1133 1375 civitate
1152 1318 1288 1395 essent,
1308 1304 1396 1377 nihil

343 1417 411 1491 sibi
428 1433 526 1508 tum,
545 1416 592 1490 ad
607 1416 850 1515 effugiendum
868 1419 992 1491 mortis
1007 1419 1226 1518 periculum,
1244 1444 1399 1519 praescn-

343 1533 435 1627 tius,
466 1556 575 1632 quam
607 1532 653 1605 ad
683 1556 782 1606 arces
805 1532 974 1625 civitatis,
998 1535 1175 1633 praecipue
1205 1535 1397 1628 Palatium,

344 1652 507 1723 Castrum
533 1662 569 1720 et
592 1651 774 1739 Pontem¹,
797 1647 990 1745 confugere
1014 1663 1240 1747 putaverunt.
1273 1650 1397 1741 Unde,

344 1788 474 1860 magua
490 1789 533 1838 ex
549 1776 650 1863 parte
668 1764 740 1836 suis
765 1764 893 1835 relictis
917 1762 1045 1851 bonis,
1067 1790 1109 1837 ex
1133 1764 1233 1838 omni
1249 1765 1400 1839 civitatis

345 1880 491 1975 regione
511 1878 655 1951 concito
681 1876 794 1975 gradu
820 1876 964 1951 casdem
991 1902 1090 1951 arces
1116 1894 1237 1978 petere
1263 1904 1401 1979 prope-

345 2009 483 2068 rarunt.
517 1994 589 2083 Qui
617 2018 701 2066 cum
731 1991 865 2091 ubique
890 1992 1057 2093 repagula
1084 2008 1191 2091 atque
1217 1980 1402 2070 obstacula

346 2109 592 2205 offenderent,
612 2133 693 2208 quae
710 2107 923 2209 plerumque
939 2108 1092 2183 alterum
1108 2108 1154 2183 ab
1176 2110 1288 2184 altero
1307 2110 1405 2208 jactu

345 2225 473 2326 lapidis
497 2251 571 2299 non
599 2224 800 2318 distabant,
832 2224 1063 2323 viderentque
1089 2223 1221 2322 ubique
1246 2240 1403 2300 armatos

347 2339 464 2435 cives,
491 2340 553 2438 qui
587 2340 716 2434 etiam,
743 2337 879 2411 effossis
907 2336 1101 2439 parietibus
1132 2337 1326 2411 domorum
1357 2339 1404 2413 ad
1448 2422 1453 2431 ‚

346 2454 460 2548 intra,
480 2453 527 2527 de
543 2453 627 2527 loco
642 2454 689 2527 ad
703 2453 844 2547 locum,
865 2478 1038 2552 quorsum
1056 2452 1105 2527 eis
1118 2453 1261 2546 liberet,
1281 2453 1406 2528 ambu-

346 2568 486 2661 labant,
515 2570 694 2670 supplices
721 2567 826 2641 valde
852 2591 895 2641 ac
923 2568 1169 2661 tremebundi,
1198 2571 1407 2645 transeundi

347 2685 526 2760 licentiam
542 2684 781 2785 postulabant.
801 2688 845 2758 Et
860 2708 940 2758 eam
956 2684 1103 2783 quidem
1121 2686 1290 2761 omnibus
1305 2710 1406 2787 paene

347 2802 480 2875 civium
504 2801 707 2875 humanitas
733 2798 901 2888 indulsit,
920 2798 1049 2899 quibus
1077 2800 1237 2875 satisfieri
1259 2801 1406 2877 videba-

347 2928 420 3010 tur,
448 2919 478 2991 si
510 2918 560 2991 eis
590 2916 725 3015 absque
756 2914 903 3014 alicujus
928 2914 1145 2992 crudelitatis
1174 2917 1405 2993 denotatione

348 3035 488 3107 civitate
510 3034 641 3133 pulsis,
672 3032 720 3104 ad
748 3031 838 3129 regis
870 3036 1090 3105 Francorum
1116 3032 1277 3107 naturale
1306 3049 1406 3108 terrae

348 3148 541 3248 imperium
556 3174 633 3222 sese
650 3146 823 3219 reducere
845 3170 887 3219 ac
905 3148 1086 3222 civitatem
1110 3174 1212 3223 suam
1234 3168 1402 3249 possent3

350 3287 480 3362 nempe
508 3287 583 3335 non
610 3261 761 3363 amplius
781 3284 891 3360 quam
919 3276 991 3333 tres
1014 3276 1075 3335 aut
1091 3277 1247 3361 quatuor
1271 3266 1406 3364 Anglici

350 3378 388 3450 in
404 3392 482 3450 toto
498 3377 561 3450 illo
573 3377 730 3449 tumultu
752 3374 1000 3449 referebantur
1014 3378 1193 3465 exstincti,
1217 3392 1251 3451 et
1268 3378 1306 3450 hi
1323 3383 1404 3479 qui·

351 3492 448 3585 dem,
467 3490 588 3590 quod,
610 3489 741 3563 infelici
757 3502 853 3561 sorte
869 3502 977 3589 atque
991 3490 1164 3585 infausta,
1178 3492 1215 3563 in
1232 3516 1405 3590 quorum-

351 3608 436 3682 dam
459 3632 503 3681 ex
529 3605 667 3681 civibus
690 3605 916 3679 devenissent
941 3630 1087 3699 manus,
1114 3631 1272 3707 quorum
1295 3609 1405 3710 aliqui

350 3724 505 3827 proximi
520 3723 724 3822 sangrrinis,
751 3722 856 3795 tertio
880 3737 942 3795 aut
965 3736 1094 3821 quarto
1116 3722 1173 3797 die
1189 3740 1293 3821 ante,
1312 3728 1405 3799 intra

350 3843 483 3918 moenia
501 3854 537 3913 et
550 3840 684 3913 vallum
706 3838 854 3911 civitatis
871 3836 1203 3937 (quemadmodum
1221 3867 1328 3943 supra
1344 3868 1401 3914 re-

353 3956 524 4057 tulimus)
536 3956 711 4058 perempti
725 3954 865 4027 lucrant
881 3952 927 4027 ab
941 3954 1110 4054 Anglicis.

394 4159 424 4217 l.
445 4158 486 4215 Le
496 4158 598 4215 Paleis
609 4153 693 4234 (plus
707 4150 771 4213 tard
783 4152 812 4212 le
824 4150 919 4211 Vieux
928 4149 1050 4223 Palaia),
1065 4148 1199 4211 eitadelle
1210 4148 1287 4210 bttie
1299 4170 1354 4231 par
1365 4151 1408 4213 les

353 4242 472 4322 sngtais
493 4263 544 4304 sur
563 4244 591 4303 le
607 4240 683 4303 bord
695 4240 733 4302 de
749 4240 779 4300 la
799 4240 902 4313 Scine,
920 4242 938 4297 l
953 4238 1125 4298 l’extremite'
1140 4253 1169 4299 et
1188 4258 1225 4299 en
1242 4239 1307 4298 aral
1323 4237 1361 4299 de
1379 4238 1407 4301 la

355 4330 439 4405 rille3
452 4330 481 4389 le
498 4334 645 4404 ctam,
663 4330 724 4390 bari
743 4350 797 4410 par
818 4327 951 4407 Philippe
966 4332 1097 4409 Angrnte
1112 4347 1162 4407 qur
1184 4326 1335 4388 l’enceinte
1356 4328 1408 4391 des

354 4438 454 4492 murs,
471 4418 512 4479 du
524 4420 588 4479 edri·
601 4419 641 4480 du
652 4420 754 4495 Nord3
774 4418 803 4479 la
822 4416 1006 4477 fortification
1022 4416 1062 4477 du
1080 4430 1150 4497 pont
1169 4436 1209 4476 ou
1224 4418 1406 4495 Barbacrne,

355 4508 453 4589 plackc
466 4519 566 4568 contre
577 4508 606 4567 la
622 4508 686 4567 rire
701 4506 814 4584 pruche
831 4504 868 4565 de
884 4504 913 4564 la
931 4507 1028 4567 Scine.
1055 4506 1127 4566 Voir
1143 4506 1265 4567 l’ancien
1284 4507 1353 4588 plan
1370 4509 1407 4568 de

355 4600 457 4659 Roucn
474 4596 573 4657 deest
585 4614 662 4675 pour
680 4592 825 4653 l'Hr‘stor're
835 4596 874 4653 de
886 4598 982 4651 nom
993 4596 1124 4669 pendant
1142 4600 1269 4674 l'dpoqrre
1287 4618 1410 4657 commu.

355 4694 438 4765 aare,
452 4690 557 4771 pun
575 4684 710 4748 memet.
