3892 5892
528 866 585 929 rvr
804 860 1061 943 ersrornnurt
1080 858 1216 930 maon
1236 862 1289 918 vu

525 990 687 1068 codun
715 1001 788 1065 trun
814 985 983 1063 homines
999 1009 1110 1082 qrum
1128 1009 1258 1067 ,eorum
1277 987 1498 1079 evectiones,
1522 1013 1587 1069 eeu

528 1097 647 1203 equil,
664 1102 846 1181 ementati
862 1116 978 1192 erret,
998 1124 1090 1199 quor
1107 1102 1142 1173 in
1160 1100 1221 1177 ille
1236 1100 1462 1200 expeditione
1478 1100 1588 1183 duve-

527 1236 626 1315 rant,
642 1236 684 1299 ut
699 1220 803 1299 facile
818 1219 865 1299 ed
882 1220 1002 1314 vultus
1018 1217 1210 1297 bominum
1227 1219 1450 1317 maciemque
1466 1244 1588 1317 equo-

529 1364 610 1419 rum
634 1337 780 1437 agnoeci
807 1334 1030 1433 judicerique
1062 1348 1227 1435 ponent,
1259 1336 1323 1433 qui
1352 1341 1484 1414 lteram
1519 1360 1586 1435 pro

527 1454 703 1531 tutamine
725 1450 917 1528 tenerare
937 1450 1201 1542 trencivirsent,
1229 1450 1409 1548 vulgoque
1435 1451 1481 1529 de
1502 1452 1587 1551 ipsi·

527 1596 551 1645 a
578 1568 683 1671 plebe
711 1566 939 1643 Norrnauniae
962 1564 1178 1671 diceretur:
1211 1597 1229 1635 α
1256 1566 1324 1641 Hic
1352 1565 1421 1639 sert
1445 1566 1586 1659 scutrum

530 1684 750 1761 ponderet
769 1710 788 1750 a
1388 1758 1389 1763 ,

580 1807 700 1877 Unum
716 1812 835 1875 autem
853 1796 996 1880 cilentio
1012 1796 1263 1895 negligendum
1280 1822 1354 1873 nou
1371 1811 1446 1887 est,
1463 1798 1583 1895 quod,

530 1938 615 1989 cunr
637 1936 682 1987 ex
699 1909 882 1987 Ponticam
912 1908 1029 1987 dictus
1055 1908 1208 1983 Eboraci
1233 1907 1305 1981 dux
1328 1922 1585 1999 reverteretur,

530 2030 837 2133 prudentissimen
850 2031 981 2105 comite
995 2028 1285 2107 Cherorberiensi
1300 2029 1587 2123 animadversum

531 2149 617 2239 fnit3
635 2148 737 2244 cujus
753 2147 943 2253 concilium
954 2147 985 2222 ei
1003 2148 1077 2245 ipre
1094 2144 1169 2221 dux
1181 2144 1332 2221 Eboraci
1351 2144 1585 2251 obaervasset,

530 2265 691 2365 proiecto
701 2288 788 2343 vero
796 2262 959 2341 similiter
971 2261 1120 2339 Carolus
1132 2285 1191 2335 rer
1203 2260 1249 2335 ad
1262 2250 1510 2359 manueipsius
1522 2260 1588 2335 do-

530 2380 619 2455 mini
633 2378 681 2454 de
702 2376 844 2454 Telebot
858 2391 921 2453 aut
934 2401 1017 2453 snas
1033 2376 1245 2451 devenisset.
1257 2374 1399 2451 Sciebat
1414 2376 1589 2473 siquidem

530 2497 649 2595 ipeurn
671 2519 792 2591 regem
813 2492 912 2591 apud
929 2492 1121 2567 Pisaiacunr
1138 2505 1225 2567 tunc
1239 2489 1372 2565 habere
1394 2490 1590 2589 hospitium

531 2637 614 2689 cum
630 2634 741 2709 parva
756 2633 906 2683 suorum
917 2631 1046 2683 manu.
1062 2605 1169 2683 Dedit
1187 2607 1295 2703 igitur
1305 2604 1494 2683 consilinm
1507 2604 1589 2681 duci

530 2727 684 2804 Eboraci
704 2740 745 2803 ut
765 2724 813 2802 ad
830 2738 965 2801 certam
985 2720 1113 2815 horem
1130 2724 1305 2819 Sequanae
1320 2722 1436 2821 ripam
1459 2747 1503 2797 ev
1524 2747 1590 2821 op·

530 2844 648 2941 posito
664 2841 755 2917 villae
769 2854 807 2915 et
829 2828 1037 2919 monasterii
1060 2836 1219 2935 predicti
1244 2838 1384 2913 Pissiaci
1403 2820 1592 2937 diligenter

531 2957 759 3045 observaret,
789 2956 865 3053 ipse
887 2980 974 3025 vero
1002 2980 1086 3030 cum
1111 2955 1252 3031 circiter
1271 2955 1368 3031 mille
1391 2955 1589 3054 equitibus,

530 3098 615 3151 cunr
627 3073 729 3147 omni
741 3070 920 3149 celeritate
931 3095 973 3145 ac
991 3070 1229 3160 festinatione,
1244 3098 1309 3171 per
1325 3072 1530 3149 Meduntam
1543 3073 1592 3147 ad

531 3186 668 3263 dictum
686 3186 880 3263 Piniacum
898 3186 1093 3281 trajiceret,
1116 3184 1179 3261 ubi
1204 3186 1260 3259 vel
1276 3186 1518 3285 improvidum
1539 3190 1594 3288 ip·

530 3328 611 3379 rum
620 3326 741 3400 regem
750 3318 897 3403 repente
905 3303 1160 3401 aggredieurin
1172 3327 1274 3381 suant
1286 3296 1463 3401 redigeret
1471 3320 1594 3404 potee-

532 3435 655 3511 tatem,
676 3419 731 3497 vel
748 3420 794 3498 nd
811 3418 1070 3499 transeundum
1081 3416 1292 3497 adulteram
1304 3422 1478 3519 Sequauae
1490 3445 1593 3499 oraru

531 3536 683 3614 omnino
696 3550 894 3611 coarctaret
914 3564 922 3610 :
943 3534 990 3610 ed
1005 3558 1114 3633 quam
1126 3535 1157 3611 ei
1172 3534 1332 3632 refugere
1343 3538 1590 3631 contenderet,

531 3653 569 3723 in
587 3652 845 3750 manns—ipsius,
853 3652 957 3729 ducis
966 3650 1118 3727 Eboraci
1127 3652 1276 3729 omnino
1293 3650 1414 3731 adlabi
1429 3652 1589 3729 baberet.

532 3773 655 3870 ltaque
678 3767 944 3865 diligentissime
977 3766 1073 3841 idem
1110 3792 1251 3857 comes,
1281 3782 1455 3873 quatenus
1487 3770 1524 3845 in
1555 3793 1592 3840 se

532 3884 614 3976 init,
631 3910 707 3963 rem
725 3883 976 3980 hujuscemodi
991 3896 1045 3959 eet
1060 3888 1360 3961 exeecurufflou
1371 3886 1470 3961 enim
1487 3902 1593 3961 nocte

532 4003 717 4100 equitans,
737 4001 912 4081 trenaiebe
927 4003 1130 4097 Sequanam
1145 4024 1210 4099 per
1227 4016 1376 4100 pontem
1391 4002 1589 4097 Meduntn,

534 4118 762 4215 conquievit
781 4116 901 4195 donec
921 4116 1076 4195 cmrina
1093 4116 1171 4207 die,
1190 4118 1329 4195 circiter
1346 4118 1437 4195 bora
1457 4120 1589 4217 prima,

574 4344 603 4404 l.
626 4344 684 4409 Sco
693 4347 760 4419 equi
770 4337 865 4423 percit
872 4341 934 4401 ἐπε
940 4357 998 4419 nne
1009 4339 1090 4423 glqse
1100 4358 1175 4425 pour
1183 4340 1335 4423 expliquer
1348 4349 1497 4401 evectiones
1504 4340 1592 4417 (leura

534 4438 694 4509 montures)
706 4430 757 4510 qni
770 4444 815 4491 est
830 4448 871 4489 nn
883 4429 1049 4510 gallicisme.
1086 4432 1091 4441 '

573 4522 672 4581 2.=lln
687 4520 834 4598 franceis:
854 4544 869 4574 e
884 4518 909 4577 11
924 4517 1019 4579 ni'air
1034 4518 1166 4580 devenir
1179 4518 1215 4579 de
1229 4518 1374 4583 Pontciee.
1395 4546 1408 4572 υ
1429 4520 1532 4581 Dicton
1544 4539 1594 4579 eur

535 4606 667 4689 l'origine
680 4606 786 4687 duquel
803 4628 842 4668 cn
858 4628 876 4667 a
888 4606 1040 4688 beaucoup
1053 4608 1172 4669 disserti
1189 4628 1254 4670 canc
1267 4622 1386 4671 trouver
1398 4610 1526 4672 celle-ei.
