<?xml version="1.0" encoding="UTF-8"?>
<!DOCTYPE html PUBLIC "-//W3C//DTD XHTML 1.0 Transitional//EN"
    "http://www.w3.org/TR/xhtml1/DTD/xhtml1-transitional.dtd">
<html xmlns="http://www.w3.org/1999/xhtml" xml:lang="en" lang="en">
 <head>
  <title>
</title>
<meta http-equiv="Content-Type" content="text/html;charset=utf-8" />
  <meta name='ocr-system' content='tesseract 3.04.00' />
  <meta name='ocr-capabilities' content='ocr_page ocr_carea ocr_par ocr_line ocrx_word'/>
</head>
<body>
  <div class='ocr_page' id='page_1' title='image "./histoiredesrgne01amelgoog_0280.png"; bbox 0 0 3892 5892; ppageno 0'>
   <div class='ocr_carea' id='block_1_1' title="bbox 518 884 1292 947">
    <p class='ocr_par' dir='ltr' id='par_1_1' title="bbox 518 884 1292 947">
     <span class='ocr_line' id='line_1_1' title="bbox 518 884 1292 947; baseline -0.008 0"><span class='ocrx_word' id='word_1_1' title='bbox 518 891 556 947; x_wconf 80' lang='lat' dir='ltr'>8l</span> <span class='ocrx_word' id='word_1_2' title='bbox 804 884 1062 947; x_wconf 77' lang='lat' dir='ltr'>mstonttttttttt</span> <span class='ocrx_word' id='word_1_3' title='bbox 1082 885 1219 943; x_wconf 76' lang='lat' dir='ltr'>cauom</span> <span class='ocrx_word' id='word_1_4' title='bbox 1237 886 1292 941; x_wconf 88' lang='lat' dir='ltr'>Vll</span> 
     </span>
    </p>
   </div>
   <div class='ocr_carea' id='block_1_2' title="bbox 487 994 1590 4123">
    <p class='ocr_par' dir='ltr' id='par_1_2' title="bbox 516 994 1584 1200">
     <span class='ocr_line' id='line_1_2' title="bbox 517 994 1584 1106; baseline 0 -23"><span class='ocrx_word' id='word_1_5' title='bbox 517 1011 594 1086; x_wconf 93' lang='lat' dir='ltr'>tolli</span> <span class='ocrx_word' id='word_1_6' title='bbox 612 1026 648 1084; x_wconf 90' lang='lat' dir='ltr'>et</span> <span class='ocrx_word' id='word_1_7' title='bbox 663 1012 807 1083; x_wconf 86' lang='lat' dir='ltr'>serrari.</span> <span class='ocrx_word' id='word_1_8' title='bbox 827 1015 874 1081; x_wconf 84' lang='lat' dir='ltr'>Et</span> <span class='ocrx_word' id='word_1_9' title='bbox 889 1010 969 1082; x_wconf 88' lang='lat' dir='ltr'>talis</span> <span class='ocrx_word' id='word_1_10' title='bbox 986 1009 1133 1106; x_wconf 84' lang='lat' dir='ltr'>quidem</span> <span class='ocrx_word' id='word_1_11' title='bbox 1149 994 1235 1079; x_wconf 71' lang='lat' dir='ltr'>furis¹</span> <span class='ocrx_word' id='word_1_12' title='bbox 1247 1006 1355 1105; x_wconf 89' lang='lat' dir='ltr'>hujus</span> <span class='ocrx_word' id='word_1_13' title='bbox 1371 1011 1584 1083; x_wconf 67' lang='lat' dir='ltr'>transitoriae</span> 
     </span>
     <span class='ocr_line' id='line_1_3' title="bbox 516 1126 878 1200; baseline -0.003 -1"><span class='ocrx_word' id='word_1_14' title='bbox 516 1131 595 1200; x_wconf 86' lang='lat' dir='ltr'>vitae</span> <span class='ocrx_word' id='word_1_15' title='bbox 610 1127 783 1200; x_wconf 82' lang='lat' dir='ltr'>lohannae</span> <span class='ocrx_word' id='word_1_16' title='bbox 799 1126 878 1199; x_wconf 90' lang='lat' dir='ltr'>luit.</span> 
     </span>
    </p>

    <p class='ocr_par' dir='ltr' id='par_1_3' title="bbox 514 1240 1586 1804">
     <span class='ocr_line' id='line_1_4' title="bbox 565 1240 1585 1345; baseline -0.003 -28"><span class='ocrx_word' id='word_1_17' title='bbox 565 1243 790 1345; x_wconf 81' lang='lat' dir='ltr'>Exspectabit</span> <span class='ocrx_word' id='word_1_18' title='bbox 813 1244 904 1315; x_wconf 88' lang='lat' dir='ltr'>lorte</span> <span class='ocrx_word' id='word_1_19' title='bbox 919 1242 1028 1339; x_wconf 89' lang='lat' dir='ltr'>hujus</span> <span class='ocrx_word' id='word_1_20' title='bbox 1049 1241 1205 1313; x_wconf 80' lang='lat' dir='ltr'>historiae</span> <span class='ocrx_word' id='word_1_21' title='bbox 1227 1240 1341 1314; x_wconf 91' lang='lat' dir='ltr'>lector</span> <span class='ocrx_word' id='word_1_22' title='bbox 1354 1256 1518 1314; x_wconf 88' lang='lat' dir='ltr'>nostrum</span> <span class='ocrx_word' id='word_1_23' title='bbox 1537 1242 1585 1315; x_wconf 93' lang='lat' dir='ltr'>de</span> 
     </span>
     <span class='ocr_line' id='line_1_5' title="bbox 515 1357 1586 1459; baseline -0.004 -25"><span class='ocrx_word' id='word_1_24' title='bbox 515 1362 623 1459; x_wconf 89' lang='lat' dir='ltr'>hujus</span> <span class='ocrx_word' id='word_1_25' title='bbox 634 1360 762 1434; x_wconf 86' lang='lat' dir='ltr'>Puellae</span> <span class='ocrx_word' id='word_1_26' title='bbox 775 1358 880 1455; x_wconf 87' lang='lat' dir='ltr'>gestis</span> <span class='ocrx_word' id='word_1_27' title='bbox 888 1357 1089 1456; x_wconf 88' lang='lat' dir='ltr'>judicium,</span> <span class='ocrx_word' id='word_1_28' title='bbox 1108 1357 1154 1430; x_wconf 88' lang='lat' dir='ltr'>de</span> <span class='ocrx_word' id='word_1_29' title='bbox 1169 1381 1243 1456; x_wconf 85' lang='lat' dir='ltr'>qua</span> <span class='ocrx_word' id='word_1_30' title='bbox 1258 1382 1486 1457; x_wconf 87' lang='lat' dir='ltr'>peromnem</span> <span class='ocrx_word' id='word_1_31' title='bbox 1500 1358 1586 1430; x_wconf 89' lang='lat' dir='ltr'>Gal·</span> 
     </span>
     <span class='ocr_line' id='line_1_6' title="bbox 514 1472 1582 1575; baseline -0.005 -23"><span class='ocrx_word' id='word_1_32' title='bbox 514 1480 601 1552; x_wconf 91' lang='lat' dir='ltr'>liam</span> <span class='ocrx_word' id='word_1_33' title='bbox 625 1502 669 1549; x_wconf 90' lang='lat' dir='ltr'>ea</span> <span class='ocrx_word' id='word_1_34' title='bbox 691 1488 902 1575; x_wconf 77' lang='lat' dir='ltr'><strong>tempestate</strong></span> <span class='ocrx_word' id='word_1_35' title='bbox 925 1472 1158 1547; x_wconf 88' lang='lat' dir='ltr'>celeberrima</span> <span class='ocrx_word' id='word_1_36' title='bbox 1176 1474 1271 1545; x_wconf 88' lang='lat' dir='ltr'>lama</span> <span class='ocrx_word' id='word_1_37' title='bbox 1285 1473 1365 1546; x_wconf 85' lang='lat' dir='ltr'>luit.</span> <span class='ocrx_word' id='word_1_38' title='bbox 1385 1478 1458 1547; x_wconf 88' lang='lat' dir='ltr'>Nos</span> <span class='ocrx_word' id='word_1_39' title='bbox 1474 1499 1582 1564; x_wconf 89' lang='lat' dir='ltr'>vero,</span> 
     </span>
     <span class='ocr_line' id='line_1_7' title="bbox 516 1590 1586 1691; baseline -0.003 -26"><span class='ocrx_word' id='word_1_40' title='bbox 516 1594 607 1665; x_wconf 87' lang='lat' dir='ltr'>sicut</span> <span class='ocrx_word' id='word_1_41' title='bbox 632 1606 765 1664; x_wconf 87' lang='lat' dir='ltr'>temere</span> <span class='ocrx_word' id='word_1_42' title='bbox 786 1613 942 1663; x_wconf 80' lang='lat' dir='ltr'><strong>asserere</strong></span> <span class='ocrx_word' id='word_1_43' title='bbox 967 1614 1044 1662; x_wconf 91' lang='lat' dir='ltr'>non</span> <span class='ocrx_word' id='word_1_44' title='bbox 1069 1590 1317 1690; x_wconf 71' lang='lat' dir='ltr'>praesumimus</span> <span class='ocrx_word' id='word_1_45' title='bbox 1333 1590 1435 1691; x_wconf 91' lang='lat' dir='ltr'>quod</span> <span class='ocrx_word' id='word_1_46' title='bbox 1451 1590 1586 1663; x_wconf 88' lang='lat' dir='ltr'>revela·</span> 
     </span>
     <span class='ocr_line' id='line_1_8' title="bbox 516 1703 1585 1804; baseline 0 -26"><span class='ocrx_word' id='word_1_47' title='bbox 516 1708 631 1779; x_wconf 88' lang='lat' dir='ltr'>tiones</span> <span class='ocrx_word' id='word_1_48' title='bbox 651 1720 687 1777; x_wconf 93' lang='lat' dir='ltr'>et</span> <span class='ocrx_word' id='word_1_49' title='bbox 709 1704 970 1804; x_wconf 78' lang='lat' dir='ltr'>apparitiones,</span> <span class='ocrx_word' id='word_1_50' title='bbox 996 1729 1085 1802; x_wconf 87' lang='lat' dir='ltr'>quas</span> <span class='ocrx_word' id='word_1_51' title='bbox 1106 1703 1275 1777; x_wconf 80' lang='lat' dir='ltr'>habuisse</span> <span class='ocrx_word' id='word_1_52' title='bbox 1299 1704 1438 1796; x_wconf 89' lang='lat' dir='ltr'>aiebat,</span> <span class='ocrx_word' id='word_1_53' title='bbox 1462 1730 1483 1779; x_wconf 87' lang='lat' dir='ltr'>a</span> <span class='ocrx_word' id='word_1_54' title='bbox 1505 1710 1585 1778; x_wconf 90' lang='lat' dir='ltr'>Deo</span> 
     </span>
    </p>

    <p class='ocr_par' dir='ltr' id='par_1_4' title="bbox 487 1820 1590 4123">
     <span class='ocr_line' id='line_1_9' title="bbox 515 1820 1585 1919; baseline -0.001 -26"><span class='ocrx_word' id='word_1_55' title='bbox 515 1822 667 1915; x_wconf 84' lang='lat' dir='ltr'>luerint,</span> <span class='ocrx_word' id='word_1_56' title='bbox 689 1822 751 1919; x_wconf 96' lang='lat' dir='ltr'>qui</span> <span class='ocrx_word' id='word_1_57' title='bbox 768 1820 946 1893; x_wconf 87' lang='lat' dir='ltr'>missionis</span> <span class='ocrx_word' id='word_1_58' title='bbox 962 1845 1036 1893; x_wconf 82' lang='lat' dir='ltr'>suae</span> <span class='ocrx_word' id='word_1_59' title='bbox 1047 1823 1148 1916; x_wconf 82' lang='lat' dir='ltr'>signa</span> <span class='ocrx_word' id='word_1_60' title='bbox 1165 1821 1265 1919; x_wconf 88' lang='lat' dir='ltr'>(quae</span> <span class='ocrx_word' id='word_1_61' title='bbox 1280 1820 1348 1893; x_wconf 90' lang='lat' dir='ltr'>soli</span> <span class='ocrx_word' id='word_1_62' title='bbox 1362 1821 1494 1894; x_wconf 92' lang='lat' dir='ltr'>dicitur</span> <span class='ocrx_word' id='word_1_63' title='bbox 1510 1822 1585 1917; x_wconf 85' lang='lat' dir='ltr'>regi</span> 
     </span>
     <span class='ocr_line' id='line_1_10' title="bbox 487 1920 1586 2033; baseline -0.001 -23"><span class='ocrx_word' id='word_1_64' title='bbox 487 1920 488 1923; x_wconf 9' lang='grc' dir='ltr'><strong>Ἴ</strong></span> <span class='ocrx_word' id='word_1_65' title='bbox 515 1935 644 2010; x_wconf 88' lang='lat' dir='ltr'>Carolo</span> <span class='ocrx_word' id='word_1_66' title='bbox 670 1936 822 2033; x_wconf 85' lang='lat' dir='ltr'>dixisse)</span> <span class='ocrx_word' id='word_1_67' title='bbox 840 1937 990 2008; x_wconf 89' lang='lat' dir='ltr'>minime</span> <span class='ocrx_word' id='word_1_68' title='bbox 1011 1938 1244 2032; x_wconf 83' lang='lat' dir='ltr'>agnovimus3</span> <span class='ocrx_word' id='word_1_69' title='bbox 1263 1938 1312 2008; x_wconf 92' lang='lat' dir='ltr'>ita</span> <span class='ocrx_word' id='word_1_70' title='bbox 1329 1935 1504 2010; x_wconf 80' lang='lat' dir='ltr'>audenter</span> <span class='ocrx_word' id='word_1_71' title='bbox 1526 1937 1586 2009; x_wconf 90' lang='lat' dir='ltr'>di-</span> 
     </span>
     <span class='ocr_line' id='line_1_11' title="bbox 513 2050 1587 2150; baseline 0 -25"><span class='ocrx_word' id='word_1_72' title='bbox 513 2055 627 2125; x_wconf 92' lang='lat' dir='ltr'>cimus</span> <span class='ocrx_word' id='word_1_73' title='bbox 653 2067 688 2125; x_wconf 92' lang='lat' dir='ltr'>et</span> <span class='ocrx_word' id='word_1_74' title='bbox 711 2050 932 2125; x_wconf 84' lang='lat' dir='ltr'>affirmamus</span> <span class='ocrx_word' id='word_1_75' title='bbox 955 2053 1075 2150; x_wconf 93' lang='lat' dir='ltr'>quod,</span> <span class='ocrx_word' id='word_1_76' title='bbox 1101 2077 1144 2123; x_wconf 85' lang='lat' dir='ltr'>ex</span> <span class='ocrx_word' id='word_1_77' title='bbox 1160 2076 1330 2150; x_wconf 86' lang='lat' dir='ltr'>processu</span> <span class='ocrx_word' id='word_1_78' title='bbox 1348 2051 1441 2123; x_wconf 89' lang='lat' dir='ltr'>sacto</span> <span class='ocrx_word' id='word_1_79' title='bbox 1458 2068 1587 2125; x_wconf 88' lang='lat' dir='ltr'>contra</span> 
     </span>
     <span class='ocr_line' id='line_1_12' title="bbox 514 2167 1582 2268; baseline -0.001 -26"><span class='ocrx_word' id='word_1_80' title='bbox 514 2194 595 2243; x_wconf 90' lang='lat' dir='ltr'>eam</span> <span class='ocrx_word' id='word_1_81' title='bbox 624 2169 758 2266; x_wconf 89' lang='lat' dir='ltr'>(quem</span> <span class='ocrx_word' id='word_1_82' title='bbox 782 2169 849 2268; x_wconf 91' lang='lat' dir='ltr'>ipsi</span> <span class='ocrx_word' id='word_1_83' title='bbox 875 2169 1031 2240; x_wconf 88' lang='lat' dir='ltr'>vidimus</span> <span class='ocrx_word' id='word_1_84' title='bbox 1055 2182 1268 2267; x_wconf 89' lang='lat' dir='ltr'>postquam,</span> <span class='ocrx_word' id='word_1_85' title='bbox 1292 2169 1413 2265; x_wconf 87' lang='lat' dir='ltr'>ejectis</span> <span class='ocrx_word' id='word_1_86' title='bbox 1443 2167 1582 2265; x_wconf 80' lang='lat' dir='ltr'>Anglis,</span> 
     </span>
     <span class='ocr_line' id='line_1_13' title="bbox 514 2283 1583 2385; baseline -0.001 -27"><span class='ocrx_word' id='word_1_87' title='bbox 514 2286 735 2358; x_wconf 89' lang='lat' dir='ltr'>Normannia</span> <span class='ocrx_word' id='word_1_88' title='bbox 758 2284 826 2357; x_wconf 89' lang='lat' dir='ltr'>sub</span> <span class='ocrx_word' id='word_1_89' title='bbox 851 2285 970 2359; x_wconf 86' lang='lat' dir='ltr'>Caroli</span> <span class='ocrx_word' id='word_1_90' title='bbox 997 2284 1193 2371; x_wconf 91' lang='lat' dir='ltr'>ditionem,</span> <span class='ocrx_word' id='word_1_91' title='bbox 1221 2283 1321 2357; x_wconf 83' lang='lat' dir='ltr'>velut</span> <span class='ocrx_word' id='word_1_92' title='bbox 1336 2284 1583 2385; x_wconf 90' lang='lat' dir='ltr'>postliminio,</span> 
     </span>
     <span class='ocr_line' id='line_1_14' title="bbox 512 2398 1587 2500; baseline -0.001 -28"><span class='ocrx_word' id='word_1_93' title='bbox 512 2399 688 2496; x_wconf 83' lang='lat' dir='ltr'>redierat)</span> <span class='ocrx_word' id='word_1_94' title='bbox 717 2424 793 2471; x_wconf 93' lang='lat' dir='ltr'>non</span> <span class='ocrx_word' id='word_1_95' title='bbox 817 2398 1034 2472; x_wconf 87' lang='lat' dir='ltr'>sufficienter</span> <span class='ocrx_word' id='word_1_96' title='bbox 1061 2414 1203 2472; x_wconf 90' lang='lat' dir='ltr'>constat</span> <span class='ocrx_word' id='word_1_97' title='bbox 1225 2399 1340 2500; x_wconf 88' lang='lat' dir='ltr'>ipsam</span> <span class='ocrx_word' id='word_1_98' title='bbox 1367 2399 1413 2470; x_wconf 88' lang='lat' dir='ltr'>de</span> <span class='ocrx_word' id='word_1_99' title='bbox 1438 2400 1587 2496; x_wconf 88' lang='lat' dir='ltr'>alicujus</span> 
     </span>
     <span class='ocr_line' id='line_1_15' title="bbox 514 2514 1588 2613; baseline 0.001 -26"><span class='ocrx_word' id='word_1_100' title='bbox 514 2517 657 2589; x_wconf 87' lang='lat' dir='ltr'>erronei</span> <span class='ocrx_word' id='word_1_101' title='bbox 681 2515 880 2613; x_wconf 82' lang='lat' dir='ltr'>dogmatis,</span> <span class='ocrx_word' id='word_1_102' title='bbox 905 2530 1033 2587; x_wconf 89' lang='lat' dir='ltr'>contra</span> <span class='ocrx_word' id='word_1_103' title='bbox 1053 2518 1241 2589; x_wconf 82' lang='lat' dir='ltr'>veritatem</span> <span class='ocrx_word' id='word_1_104' title='bbox 1264 2515 1439 2588; x_wconf 75' lang='lat' dir='ltr'>doctrinae</span> <span class='ocrx_word' id='word_1_105' title='bbox 1460 2514 1588 2588; x_wconf 88' lang='lat' dir='ltr'>catho-</span> 
     </span>
     <span class='ocr_line' id='line_1_16' title="bbox 514 2630 1588 2728; baseline -0.003 -23"><span class='ocrx_word' id='word_1_106' title='bbox 514 2633 608 2723; x_wconf 86' lang='lat' dir='ltr'>licae,</span> <span class='ocrx_word' id='word_1_107' title='bbox 629 2633 823 2705; x_wconf 87' lang='lat' dir='ltr'>assertione</span> <span class='ocrx_word' id='word_1_108' title='bbox 838 2631 1042 2702; x_wconf 82' lang='lat' dir='ltr'>convictam</span> <span class='ocrx_word' id='word_1_109' title='bbox 1060 2631 1118 2703; x_wconf 88' lang='lat' dir='ltr'>vel</span> <span class='ocrx_word' id='word_1_110' title='bbox 1140 2633 1178 2703; x_wconf 89' lang='lat' dir='ltr'>iu</span> <span class='ocrx_word' id='word_1_111' title='bbox 1200 2632 1282 2728; x_wconf 86' lang='lat' dir='ltr'>jure</span> <span class='ocrx_word' id='word_1_112' title='bbox 1301 2630 1503 2703; x_wconf 80' lang='lat' dir='ltr'>confessam</span> <span class='ocrx_word' id='word_1_113' title='bbox 1511 2660 1526 2726; x_wconf 82' lang='grc' dir='ltr'>;Ι</span> <span class='ocrx_word' id='word_1_114' title='bbox 1544 2654 1588 2702; x_wconf 86' lang='lat' dir='ltr'>ac</span> 
     </span>
     <span class='ocr_line' id='line_1_17' title="bbox 514 2746 1587 2847; baseline 0 -28"><span class='ocrx_word' id='word_1_115' title='bbox 514 2774 580 2847; x_wconf 92' lang='lat' dir='ltr'>per</span> <span class='ocrx_word' id='word_1_116' title='bbox 595 2746 667 2819; x_wconf 91' lang='lat' dir='ltr'>hoc</span> <span class='ocrx_word' id='word_1_117' title='bbox 684 2746 827 2817; x_wconf 85' lang='lat' dir='ltr'>haeresis</span> <span class='ocrx_word' id='word_1_118' title='bbox 837 2761 946 2841; x_wconf 91' lang='lat' dir='ltr'>atque</span> <span class='ocrx_word' id='word_1_119' title='bbox 958 2748 1119 2845; x_wconf 90' lang='lat' dir='ltr'>relapsus</span> <span class='ocrx_word' id='word_1_120' title='bbox 1134 2747 1219 2819; x_wconf 88' lang='lat' dir='ltr'>satis</span> <span class='ocrx_word' id='word_1_121' title='bbox 1232 2746 1417 2820; x_wconf 80' lang='lat' dir='ltr'>manifeste</span> <span class='ocrx_word' id='word_1_122' title='bbox 1433 2747 1587 2820; x_wconf 77' lang='lat' dir='ltr'>defuisse</span> 
     </span>
     <span class='ocr_line' id='line_1_18' title="bbox 515 2861 1589 2962; baseline 0.002 -29"><span class='ocrx_word' id='word_1_123' title='bbox 515 2861 805 2933; x_wconf 85' lang='lat' dir='ltr'>fundamentum.</span> <span class='ocrx_word' id='word_1_124' title='bbox 821 2864 1040 2957; x_wconf 84' lang='lat' dir='ltr'>Quanquam</span> <span class='ocrx_word' id='word_1_125' title='bbox 1055 2862 1176 2953; x_wconf 91' lang='lat' dir='ltr'>etiam,</span> <span class='ocrx_word' id='word_1_126' title='bbox 1198 2876 1328 2962; x_wconf 87' lang='lat' dir='ltr'>praeter</span> <span class='ocrx_word' id='word_1_127' title='bbox 1342 2862 1428 2956; x_wconf 90' lang='lat' dir='ltr'>hoc,</span> <span class='ocrx_word' id='word_1_128' title='bbox 1446 2878 1589 2961; x_wconf 86' lang='lat' dir='ltr'>poterat</span> 
     </span>
     <span class='ocr_line' id='line_1_19' title="bbox 517 2975 1585 3077; baseline 0.003 -28"><span class='ocrx_word' id='word_1_129' title='bbox 517 3002 706 3077; x_wconf 89' lang='lat' dir='ltr'>processus</span> <span class='ocrx_word' id='word_1_130' title='bbox 715 2975 977 3072; x_wconf 87' lang='lat' dir='ltr'>hujusmodiex</span> <span class='ocrx_word' id='word_1_131' title='bbox 985 2977 1107 3049; x_wconf 89' lang='lat' dir='ltr'>multis</span> <span class='ocrx_word' id='word_1_132' title='bbox 1118 2978 1296 3077; x_wconf 87' lang='lat' dir='ltr'>capitibus</span> <span class='ocrx_word' id='word_1_133' title='bbox 1308 2979 1409 3075; x_wconf 83' lang='lat' dir='ltr'>argui</span> <span class='ocrx_word' id='word_1_134' title='bbox 1420 2980 1585 3074; x_wconf 89' lang='lat' dir='ltr'>vitiosus,</span> 
     </span>
     <span class='ocr_line' id='line_1_20' title="bbox 516 3092 1585 3194; baseline 0.002 -30"><span class='ocrx_word' id='word_1_135' title='bbox 516 3116 640 3165; x_wconf 90' lang='lat' dir='ltr'>coram</span> <span class='ocrx_word' id='word_1_136' title='bbox 662 3092 873 3190; x_wconf 89' lang='lat' dir='ltr'>capitalibus</span> <span class='ocrx_word' id='word_1_137' title='bbox 898 3092 1052 3164; x_wconf 88' lang='lat' dir='ltr'>inimicis</span> <span class='ocrx_word' id='word_1_138' title='bbox 1080 3118 1172 3194; x_wconf 88' lang='lat' dir='ltr'>saepe</span> <span class='ocrx_word' id='word_1_139' title='bbox 1200 3120 1268 3193; x_wconf 94' lang='lat' dir='ltr'>per</span> <span class='ocrx_word' id='word_1_140' title='bbox 1289 3119 1369 3167; x_wconf 90' lang='lat' dir='ltr'>eam</span> <span class='ocrx_word' id='word_1_141' title='bbox 1394 3096 1585 3187; x_wconf 89' lang='lat' dir='ltr'>recusatis,</span> 
     </span>
     <span class='ocr_line' id='line_1_21' title="bbox 518 3208 1589 3312; baseline 0.004 -30"><span class='ocrx_word' id='word_1_142' title='bbox 518 3210 694 3305; x_wconf 85' lang='lat' dir='ltr'>denegato</span> <span class='ocrx_word' id='word_1_143' title='bbox 711 3208 779 3281; x_wconf 88' lang='lat' dir='ltr'>sibi</span> <span class='ocrx_word' id='word_1_144' title='bbox 796 3211 903 3281; x_wconf 87' lang='lat' dir='ltr'>etiam</span> <span class='ocrx_word' id='word_1_145' title='bbox 918 3213 1019 3283; x_wconf 91' lang='lat' dir='ltr'>omni</span> <span class='ocrx_word' id='word_1_146' title='bbox 1030 3211 1198 3305; x_wconf 90' lang='lat' dir='ltr'>consilio,</span> <span class='ocrx_word' id='word_1_147' title='bbox 1215 3238 1295 3310; x_wconf 90' lang='lat' dir='ltr'>quae</span> <span class='ocrx_word' id='word_1_148' title='bbox 1308 3211 1458 3312; x_wconf 87' lang='lat' dir='ltr'>simplex</span> <span class='ocrx_word' id='word_1_149' title='bbox 1470 3213 1589 3312; x_wconf 89' lang='lat' dir='ltr'>puella</span> 
     </span>
     <span class='ocr_line' id='line_1_22' title="bbox 521 3326 1588 3425; baseline 0.002 -26"><span class='ocrx_word' id='word_1_150' title='bbox 521 3341 618 3418; x_wconf 91' lang='lat' dir='ltr'>erat,</span> <span class='ocrx_word' id='word_1_151' title='bbox 645 3327 758 3401; x_wconf 86' lang='lat' dir='ltr'>lactus</span> <span class='ocrx_word' id='word_1_152' title='bbox 782 3339 818 3399; x_wconf 92' lang='lat' dir='ltr'>et</span> <span class='ocrx_word' id='word_1_153' title='bbox 849 3326 992 3405; x_wconf 86' lang='lat' dir='ltr'>habitus</span> <span class='ocrx_word' id='word_1_154' title='bbox 1019 3357 1028 3397; x_wconf 74' lang='lat' dir='ltr'>z</span> <span class='ocrx_word' id='word_1_155' title='bbox 1055 3327 1366 3425; x_wconf 89' lang='lat' dir='ltr'>quemadmodum</span> <span class='ocrx_word' id='word_1_156' title='bbox 1390 3355 1434 3403; x_wconf 85' lang='lat' dir='ltr'>ex</span> <span class='ocrx_word' id='word_1_157' title='bbox 1467 3328 1588 3401; x_wconf 90' lang='lat' dir='ltr'>libello</span> 
     </span>
     <span class='ocr_line' id='line_1_23' title="bbox 522 3442 1588 3544; baseline 0.001 -28"><span class='ocrx_word' id='word_1_158' title='bbox 522 3470 632 3543; x_wconf 95' lang='lat' dir='ltr'>quem</span> <span class='ocrx_word' id='word_1_159' title='bbox 659 3442 830 3544; x_wconf 85' lang='lat' dir='ltr'>desuper,</span> <span class='ocrx_word' id='word_1_160' title='bbox 866 3443 912 3516; x_wconf 87' lang='lat' dir='ltr'>ab</span> <span class='ocrx_word' id='word_1_161' title='bbox 938 3444 1068 3516; x_wconf 93' lang='lat' dir='ltr'>eodem</span> <span class='ocrx_word' id='word_1_162' title='bbox 1093 3446 1222 3529; x_wconf 85' lang='lat' dir='ltr'>Carolo</span> <span class='ocrx_word' id='word_1_163' title='bbox 1250 3447 1407 3544; x_wconf 85' lang='lat' dir='ltr'>expetito</span> <span class='ocrx_word' id='word_1_164' title='bbox 1435 3445 1588 3519; x_wconf 89' lang='lat' dir='ltr'>anobis</span> 
     </span>
     <span class='ocr_line' id='line_1_24' title="bbox 522 3551 1588 3656; baseline 0 -23"><span class='ocrx_word' id='word_1_165' title='bbox 522 3558 693 3649; x_wconf 91' lang='lat' dir='ltr'>consilio,</span> <span class='ocrx_word' id='word_1_166' title='bbox 708 3558 887 3629; x_wconf 91' lang='lat' dir='ltr'>edidimus</span> <span class='ocrx_word' id='word_1_167' title='bbox 899 3562 921 3653; x_wconf 92' lang='lat'>¹,</span> <span class='ocrx_word' id='word_1_168' title='bbox 940 3560 968 3629; x_wconf 93' lang='lat' dir='ltr'>si</span> <span class='ocrx_word' id='word_1_169' title='bbox 985 3561 1018 3629; x_wconf 94' lang='lat' dir='ltr'>ei</span> <span class='ocrx_word' id='word_1_170' title='bbox 1029 3558 1076 3630; x_wconf 88' lang='lat' dir='ltr'>ad</span> <span class='ocrx_word' id='word_1_171' title='bbox 1092 3560 1193 3656; x_wconf 89' lang='lat' dir='ltr'>cujus</span> <span class='ocrx_word' id='word_1_172' title='bbox 1208 3551 1345 3633; x_wconf 74' lang='lat' dir='ltr'>uenerit</span> <span class='ocrx_word' id='word_1_173' title='bbox 1360 3585 1489 3633; x_wconf 86' lang='lat' dir='ltr'>manus</span> <span class='ocrx_word' id='word_1_174' title='bbox 1504 3586 1588 3633; x_wconf 92' lang='lat' dir='ltr'>eum</span> 
     </span>
     <span class='ocr_line' id='line_1_25' title="bbox 521 3674 1589 3775; baseline 0 -27"><span class='ocrx_word' id='word_1_175' title='bbox 521 3677 639 3772; x_wconf 86' lang='lat' dir='ltr'>legere</span> <span class='ocrx_word' id='word_1_176' title='bbox 656 3675 852 3765; x_wconf 83' lang='lat' dir='ltr'>vacaverit,</span> <span class='ocrx_word' id='word_1_177' title='bbox 873 3674 978 3745; x_wconf 91' lang='lat' dir='ltr'>latius</span> <span class='ocrx_word' id='word_1_178' title='bbox 993 3675 1125 3772; x_wconf 91' lang='lat' dir='ltr'>poterit</span> <span class='ocrx_word' id='word_1_179' title='bbox 1145 3700 1333 3775; x_wconf 86' lang='lat' dir='ltr'>apparere.</span> <span class='ocrx_word' id='word_1_180' title='bbox 1355 3677 1468 3749; x_wconf 88' lang='lat' dir='ltr'>Pulsis</span> <span class='ocrx_word' id='word_1_181' title='bbox 1490 3678 1589 3749; x_wconf 91' lang='lat' dir='ltr'>enim</span> 
     </span>
     <span class='ocr_line' id='line_1_26' title="bbox 523 3790 1590 3892; baseline 0 -28"><span class='ocrx_word' id='word_1_182' title='bbox 523 3792 569 3864; x_wconf 93' lang='lat' dir='ltr'>de</span> <span class='ocrx_word' id='word_1_183' title='bbox 583 3790 803 3862; x_wconf 89' lang='lat' dir='ltr'>Normannia</span> <span class='ocrx_word' id='word_1_184' title='bbox 818 3790 989 3885; x_wconf 71' lang='lat' dir='ltr'>anglicis,</span> <span class='ocrx_word' id='word_1_185' title='bbox 1006 3790 1104 3862; x_wconf 90' lang='lat' dir='ltr'>idern</span> <span class='ocrx_word' id='word_1_186' title='bbox 1115 3792 1265 3865; x_wconf 86' lang='lat' dir='ltr'>Carolus</span> <span class='ocrx_word' id='word_1_187' title='bbox 1277 3817 1343 3892; x_wconf 89' lang='lat' dir='ltr'>per</span> <span class='ocrx_word' id='word_1_188' title='bbox 1356 3794 1476 3892; x_wconf 91' lang='lat' dir='ltr'>plures</span> <span class='ocrx_word' id='word_1_189' title='bbox 1489 3794 1590 3892; x_wconf 86' lang='lat' dir='ltr'>regni</span> 
     </span>
     <span class='ocr_line' id='line_1_27' title="bbox 522 3902 1590 4005; baseline 0.003 -27"><span class='ocrx_word' id='word_1_190' title='bbox 522 3903 760 4004; x_wconf 52' lang='lat' dir='ltr'>suitpraelatos</span> <span class='ocrx_word' id='word_1_191' title='bbox 781 3918 817 3975; x_wconf 93' lang='lat' dir='ltr'>et</span> <span class='ocrx_word' id='word_1_192' title='bbox 841 3902 951 3976; x_wconf 88' lang='lat' dir='ltr'>divini</span> <span class='ocrx_word' id='word_1_193' title='bbox 976 3918 1084 4004; x_wconf 90' lang='lat' dir='ltr'>atque</span> <span class='ocrx_word' id='word_1_194' title='bbox 1099 3906 1249 3981; x_wconf 87' lang='lat' dir='ltr'>humani</span> <span class='ocrx_word' id='word_1_195' title='bbox 1271 3909 1362 4005; x_wconf 90' lang='lat' dir='ltr'>juris</span> <span class='ocrx_word' id='word_1_196' title='bbox 1379 3908 1506 3982; x_wconf 88' lang='lat' dir='ltr'>doctos</span> <span class='ocrx_word' id='word_1_197' title='bbox 1521 3907 1590 3981; x_wconf 93' lang='lat' dir='ltr'>ho·</span> 
     </span>
     <span class='ocr_line' id='line_1_28' title="bbox 524 4020 1590 4123; baseline 0.003 -30"><span class='ocrx_word' id='word_1_198' title='bbox 524 4022 657 4115; x_wconf 88' lang='lat' dir='ltr'>mines,</span> <span class='ocrx_word' id='word_1_199' title='bbox 678 4020 866 4117; x_wconf 85' lang='lat' dir='ltr'>diligenter</span> <span class='ocrx_word' id='word_1_200' title='bbox 889 4044 1097 4120; x_wconf 89' lang='lat' dir='ltr'>processum</span> <span class='ocrx_word' id='word_1_201' title='bbox 1115 4024 1324 4123; x_wconf 75' lang='lat' dir='ltr'>praedictum</span> <span class='ocrx_word' id='word_1_202' title='bbox 1342 4026 1538 4098; x_wconf 83' lang='lat' dir='ltr'>examinari</span> <span class='ocrx_word' id='word_1_203' title='bbox 1554 4039 1590 4097; x_wconf 86' lang='lat' dir='ltr'>et</span> 
     </span>
    </p>
   </div>
   <div class='ocr_carea' id='block_1_3' title="bbox 523 4264 1592 4688">
    <p class='ocr_par' dir='ltr' id='par_1_5' title="bbox 523 4264 1592 4688">
     <span class='ocr_line' id='line_1_29' title="bbox 565 4264 1590 4330; baseline 0.003 -4"><span class='ocrx_word' id='word_1_204' title='bbox 565 4271 593 4328; x_wconf 87' lang='lat' dir='ltr'>l.</span> <span class='ocrx_word' id='word_1_205' title='bbox 615 4272 654 4327; x_wconf 85' lang='lat' dir='ltr'>Ce</span> <span class='ocrx_word' id='word_1_206' title='bbox 669 4266 810 4325; x_wconf 72' lang='lat' dir='ltr'>memoire</span> <span class='ocrx_word' id='word_1_207' title='bbox 823 4266 913 4325; x_wconf 86' lang='lat' dir='ltr'>existe</span> <span class='ocrx_word' id='word_1_208' title='bbox 928 4286 964 4325; x_wconf 91' lang='lat' dir='ltr'>en</span> <span class='ocrx_word' id='word_1_209' title='bbox 986 4264 1145 4327; x_wconf 89' lang='lat' dir='ltr'>manuscrit</span> <span class='ocrx_word' id='word_1_210' title='bbox 1157 4265 1228 4327; x_wconf 85' lang='lat' dir='ltr'>dans</span> <span class='ocrx_word' id='word_1_211' title='bbox 1240 4269 1270 4328; x_wconf 93' lang='lat' dir='ltr'>le</span> <span class='ocrx_word' id='word_1_212' title='bbox 1283 4270 1344 4330; x_wconf 85' lang='lat' dir='ltr'>rol.</span> <span class='ocrx_word' id='word_1_213' title='bbox 1361 4274 1439 4330; x_wconf 73' lang='lat'>5970</span> <span class='ocrx_word' id='word_1_214' title='bbox 1453 4270 1496 4329; x_wconf 92' lang='lat' dir='ltr'>du</span> <span class='ocrx_word' id='word_1_215' title='bbox 1505 4271 1590 4329; x_wconf 77' lang='lat' dir='ltr'>fonds</span> 
     </span>
     <span class='ocr_line' id='line_1_30' title="bbox 523 4348 1591 4437; baseline 0.001 -22"><span class='ocrx_word' id='word_1_216' title='bbox 523 4353 594 4415; x_wconf 85' lang='lat' dir='ltr'>latin</span> <span class='ocrx_word' id='word_1_217' title='bbox 617 4376 674 4415; x_wconf 81' lang='lat' dir='ltr'>aux</span> <span class='ocrx_word' id='word_1_218' title='bbox 695 4356 866 4415; x_wconf 68' lang='lat' dir='ltr'>alanuscrits</span> <span class='ocrx_word' id='word_1_219' title='bbox 893 4356 930 4415; x_wconf 92' lang='lat' dir='ltr'>de</span> <span class='ocrx_word' id='word_1_220' title='bbox 953 4355 982 4414; x_wconf 87' lang='lat' dir='ltr'>la</span> <span class='ocrx_word' id='word_1_221' title='bbox 1001 4354 1203 4434; x_wconf 74' lang='lat' dir='ltr'>Bibliotheque</span> <span class='ocrx_word' id='word_1_222' title='bbox 1224 4348 1386 4437; x_wconf 73' lang='lat' dir='ltr'>imperiale,</span> <span class='ocrx_word' id='word_1_223' title='bbox 1417 4372 1447 4419; x_wconf 87' lang='lat' dir='ltr'>et</span> <span class='ocrx_word' id='word_1_224' title='bbox 1470 4358 1542 4419; x_wconf 78' lang='lat' dir='ltr'>dans</span> <span class='ocrx_word' id='word_1_225' title='bbox 1562 4359 1591 4417; x_wconf 88' lang='lat' dir='ltr'>le</span> 
     </span>
     <span class='ocr_line' id='line_1_31' title="bbox 523 4443 1592 4529; baseline 0.003 -26"><span class='ocrx_word' id='word_1_226' title='bbox 523 4448 646 4503; x_wconf 69' lang='lat' dir='ltr'>n01832</span> <span class='ocrx_word' id='word_1_227' title='bbox 663 4443 699 4504; x_wconf 90' lang='lat' dir='ltr'>de</span> <span class='ocrx_word' id='word_1_228' title='bbox 718 4444 790 4504; x_wconf 89' lang='lat' dir='ltr'>celle</span> <span class='ocrx_word' id='word_1_229' title='bbox 805 4444 845 4504; x_wconf 92' lang='lat' dir='ltr'>du</span> <span class='ocrx_word' id='word_1_230' title='bbox 860 4445 988 4503; x_wconf 86' lang='lat' dir='ltr'>Vatican.</span> <span class='ocrx_word' id='word_1_231' title='bbox 1008 4450 1088 4504; x_wconf 77' lang='lat' dir='ltr'>Nous</span> <span class='ocrx_word' id='word_1_232' title='bbox 1105 4464 1143 4505; x_wconf 90' lang='lat' dir='ltr'>en</span> <span class='ocrx_word' id='word_1_233' title='bbox 1160 4466 1252 4507; x_wconf 87' lang='lat' dir='ltr'>avons</span> <span class='ocrx_word' id='word_1_234' title='bbox 1264 4448 1399 4529; x_wconf 70' lang='lat' dir='ltr'>imprime</span> <span class='ocrx_word' id='word_1_235' title='bbox 1413 4448 1441 4508; x_wconf 91' lang='lat' dir='ltr'>le</span> <span class='ocrx_word' id='word_1_236' title='bbox 1458 4447 1547 4507; x_wconf 76' lang='lat' dir='ltr'>debut</span> <span class='ocrx_word' id='word_1_237' title='bbox 1561 4460 1592 4507; x_wconf 88' lang='lat' dir='ltr'>et</span> 
     </span>
     <span class='ocr_line' id='line_1_32' title="bbox 523 4531 1590 4615; baseline 0.007 -25"><span class='ocrx_word' id='word_1_238' title='bbox 523 4531 565 4593; x_wconf 86' lang='lat' dir='ltr'>les</span> <span class='ocrx_word' id='word_1_239' title='bbox 576 4532 759 4593; x_wconf 78' lang='lat' dir='ltr'>conclusione</span> <span class='ocrx_word' id='word_1_240' title='bbox 771 4534 842 4595; x_wconf 87' lang='lat' dir='ltr'>dans</span> <span class='ocrx_word' id='word_1_241' title='bbox 852 4534 879 4593; x_wconf 90' lang='lat' dir='ltr'>le</span> <span class='ocrx_word' id='word_1_242' title='bbox 893 4539 946 4593; x_wconf 78' lang='lat'>111⁰</span> <span class='ocrx_word' id='word_1_243' title='bbox 963 4535 1091 4609; x_wconf 87' lang='lat' dir='ltr'>volume,</span> <span class='ocrx_word' id='word_1_244' title='bbox 1107 4556 1137 4615; x_wconf 89' lang='lat' dir='ltr'>p.</span> <span class='ocrx_word' id='word_1_245' title='bbox 1153 4540 1222 4609; x_wconf 82' lang='lat'>309,</span> <span class='ocrx_word' id='word_1_246' title='bbox 1233 4537 1285 4597; x_wconf 87' lang='lat' dir='ltr'>des</span> <span class='ocrx_word' id='word_1_247' title='bbox 1295 4540 1396 4599; x_wconf 79' lang='lat' dir='ltr'>Pmce&#39;s</span> <span class='ocrx_word' id='word_1_248' title='bbox 1406 4542 1442 4597; x_wconf 81' lang='lat' dir='ltr'>de</span> <span class='ocrx_word' id='word_1_249' title='bbox 1454 4540 1590 4597; x_wconf 82' lang='lat' dir='ltr'>condam·</span> 
     </span>
     <span class='ocr_line' id='line_1_33' title="bbox 523 4623 1286 4688; baseline 0.012 -9"><span class='ocrx_word' id='word_1_250' title='bbox 523 4629 621 4681; x_wconf 81' lang='lat' dir='ltr'>rraa&#39;on</span> <span class='ocrx_word' id='word_1_251' title='bbox 635 4624 709 4680; x_wconf 84' lang='lat' dir='ltr'>etde</span> <span class='ocrx_word' id='word_1_252' title='bbox 723 4623 934 4682; x_wconf 70' lang='lat' dir='ltr'>relabilitatiou</span> <span class='ocrx_word' id='word_1_253' title='bbox 950 4626 1107 4683; x_wconf 75' lang='lat' dir='ltr'>delectum</span> <span class='ocrx_word' id='word_1_254' title='bbox 1120 4630 1150 4683; x_wconf 84' lang='lat' dir='ltr'>Io</span> <span class='ocrx_word' id='word_1_255' title='bbox 1162 4629 1286 4688; x_wconf 68' lang='lat' dir='ltr'>Patella.</span> 
     </span>
    </p>
   </div>
   <div class='ocr_carea' id='block_1_4' title="bbox 0 0 1960 5892">
    <p class='ocr_par' dir='ltr' id='par_1_6' title="bbox 0 0 1960 5892">
     <span class='ocr_line' id='line_1_34' title="bbox 0 0 1960 5892; baseline 0 0"><span class='ocrx_word' id='word_1_256' title='bbox 0 0 1960 5892; x_wconf 95' lang='lat' dir='ltr'> </span> 
     </span>
    </p>
   </div>
  </div>
 </body>
</html>
