3892 5892
758 909 869 968 mm
889 907 1059 982 QUINTUS.
1380 911 1433 970 stt

386 1037 428 1106 Et
451 1034 625 1132 quoniam
650 1048 716 1132 per
741 1032 847 1128 longa
875 1046 972 1104 retro
996 1035 1121 1106 saecula
1149 1033 1218 1106 sub
1246 1031 1437 1130 tngtorum

381 1164 555 1249 potestate
575 1163 668 1222 terra
689 1147 749 1221 illa
768 1173 790 1220 a
804 1147 908 1220 talliis
923 1162 961 1220 et
975 1147 1150 1238 colomis,
1174 1147 1320 1244 gabellis
1336 1146 1436 1240 salis,

381 1265 585 1362 ceterisqm
604 1264 778 1362 impositis
799 1277 835 1335 et
861 1263 1108 1360 vectigalibus,
1135 1262 1265 1362 quibus
1289 1287 1437 1360 regnum

382 1383 599 1452 Francorum
618 1379 750 1450 mirum
767 1376 804 1450 in
821 1375 970 1448 modurn
993 1379 1209 1473 angariatur,
1229 1375 1340 1449 libera
1356 1399 1437 1474 per·

380 1493 518 1566 stiterat
530 1508 567 1566 et
582 1493 769 1581 immunis,
784 1505 825 1562 ut
836 1491 944 1564 etiam
955 1492 1061 1564 simili
1074 1491 1236 1564 libertate
1248 1489 1316 1562 sub
1329 1494 1438 1562 Fran·

379 1631 507 1682 corum
531 1607 683 1706 imperio
713 1607 903 1706 potiretur,
930 1605 1062 1680 accolis
1086 1605 1180 1678 illius
1201 1605 1324 1706 patriae
1350 1627 1438 1678 con·

379 1745 517 1796 cessum
535 1735 573 1793 et
586 1721 802 1821 promissum
812 1719 889 1792 suit.
904 1723 985 1810 Qua
994 1719 1166 1794 libertatis
1181 1717 1438 1818 pollicitatione

379 1836 541 1934 pellecti,
563 1836 679 1908 caeteri
695 1834 810 1922 facile,
834 1848 874 1907 ot
889 1834 1123 1926 Baionenses,
1143 1851 1178 1911 et
1193 1835 1299 1934 siqui
1318 1833 1438 1908 adhuc

379 1950 543 2024 nondum
565 1950 787 2023 deditionem
804 1949 977 2040 fecerant,
997 1945 1271 2048 Burdcgalenses
1287 1949 1437 2022 insecuti

381 2065 524 2138 lirerunt
539 2069 549 2104 ¹
560 2093 571 2151 ς
601 2067 649 2140 ita
667 2064 790 2162 quod,
810 2065 933 2164 paucis
956 2065 1140 2152 mensibus
1164 2064 1340 2156 decursis,
1356 2079 1438 2136 tota

379 2181 439 2254 illa
454 2181 648 2279 Aquitaniae
662 2182 785 2281 plaga,
797 2205 878 2279 quse
890 2179 1026 2253 tarndiu
1037 2180 1110 2254 suls
1126 2181 1320 2278 Anglorurn
1335 2204 1436 2254 man·
1595 2274 1598 2284 .

378 2309 471 2368 serat
500 2311 694 2395 potestate,
722 2321 745 2370 a
767 2321 851 2394 rege
876 2301 1095 2370 Francorum
1122 2312 1263 2396 recepta
1292 2312 1345 2370 est
1372 2321 1437 2396 per

380 2433 511 2484 manus
535 2411 633 2486 illius
659 2413 804 2486 illustris
837 2413 980 2485 comitis
1009 2414 1185 2485 Dunensis
1216 2425 1254 2483 et
1283 2412 1435 2485 aliorum

378 2523 513 2598 ducum
529 2525 598 2598 sibi
614 2525 879 2624 adjunctorum.

732 2783 999 2854 ‘carnutum
1025 2771 1068 2853 ll.

412 2969 452 3022 De
466 2969 587 3026 civilibus
597 2969 805 3027 dissensionibus
816 2983 843 3024 et
853 2971 938 3024 turbis
949 2969 978 3024 in
990 2969 1084 3042 Anglis
1096 2969 1203 3038 habitis,
1216 2981 1353 3042 postquam
1367 2967 1401 3022 de

687 3059 827 3132 Aquitania
838 3059 917 3132 Angli
929 3059 999 3132 pulsi
1011 3059 1129 3113 luerunt.

426 3230 558 3317 Quales
588 3246 706 3304 autem
737 3231 933 3330 quantique
956 3231 1076 3304 civiles
1108 3231 1351 3306 etdomestici
1380 3248 1436 3305 tu·

352 3410 357 3423 ,
379 3341 513 3415 multus
528 3359 634 3442 atque
650 3359 786 3432 motus,
806 3359 997 3444 postquam
1021 3346 1236 3417 Normunnia
1256 3347 1433 3444 primurn,

377 3457 510 3531 deinde
532 3459 719 3558 thrritania
740 3460 832 3560 pulsi
853 3460 1015 3552 fuerunt,
1036 3461 1130 3532 inter
1155 3459 1285 3555 tnglos
1305 3462 1342 3532 in
1368 3485 1435 3534 suo

380 3575 493 3670 regno
507 3571 625 3646 oborti
641 3573 735 3664 sint,
756 3597 831 3646 non
853 3574 919 3648 abs
935 3599 975 3647 re
999 3575 1102 3646 luerit
1129 3597 1247 3671 neque
1272 3575 1435 3672 imperti·

378 3711 490 3778 nens,
507 3689 538 3759 si
553 3687 624 3761 lroc
640 3689 722 3762 loco
734 3688 870 3787 aliquid
887 3688 932 3762 de
949 3687 1057 3762 rebus
1074 3687 1323 3786 hujuscemodi
1338 3701 1434 3760 retu·

378 3803 536 3878 lecimus.
562 3807 642 3876 Non
671 3805 776 3904 longe
801 3805 961 3903 prolecto
980 3802 1184 3876 habuerunt
1204 3803 1318 3876 exitus
1342 3801 1435 3876 absi·

378 3919 481 3992 rniles
498 3919 690 4017 Anglorum
710 3943 766 3993 res
783 3943 824 3992 ea
840 3932 1068 4020 tempestate,
1088 3917 1212 4018 quales
1229 3921 1434 3992 Graecorum

375 4032 537 4106 *habuere
562 4033 694 4124 duces,
715 4050 924 4134 postquam,
941 4035 1046 4132 Troja
1062 4057 1204 4124 eversa,
1227 4033 1274 4106 ad
1290 4033 1435 4133 propria

378 4165 593 4223 remearunt.
616 4153 707 4223 Cum
722 4150 820 4225 enim
836 4151 873 4223 in
893 4151 1051 4249 llngliam
1068 4175 1111 4222 ex
1127 4149 1346 4222 Normannia
1361 4149 1434 4222 dux

377 4265 628 4356 summerseti,
646 4266 731 4339 satis
746 4265 936 4365 inglorius,
958 4265 1166 4338 transmisso
1183 4261 1272 4336 lreto
1286 4287 1350 4362 per
1365 4267 1435 4337 Ca-

378 4377 546 4452 lesiorum
563 4377 666 4476 lines,
691 4395 898 4475 remeasset,
922 4395 1127 4456 excusatam
1154 4377 1269 4456 lacere
1287 4380 1434 4454 studens

418 4610 448 4665 t.
469 4607 828 4682 mmmmm
843 4611 861 4667 s
875 4577 1102 4686 nyssaeum
1115 4609 1185 4668 uss
1198 4611 1288 4668 rest.
