3892 5892
716 913 824 979 mam
844 923 1026 996 Qumrus.
1352 928 1409 984 rra

355 1048 559 1151 providere,
586 1044 726 1120 nullum
757 1046 894 1145 injuriae
924 1048 1037 1143 genus
1059 1048 1232 1147 estquod
1257 1074 1298 1121 ex
1326 1050 1410 1150 ipsis

354 1164 499 1267 plurimi
520 1187 691 1237 eorumve
705 1162 826 1237 famuli
842 1188 904 1236 seu
920 1162 1072 1235 ministri
1093 1164 1167 1237 suis
1185 1164 1407 1265 hospitibus,

354 1308 422 1381 pro
439 1282 549 1381 gratia
567 1280 633 1353 sibi
656 1278 809 1379 praebitae
832 1278 1099 1378 hospitalitatis,
1125 1279 1255 1352 relerre
1271 1299 1410 1379 praeter·

354 1398 515 1486 mittant3
533 1396 582 1467 ita
600 1408 641 1465 nt
653 1394 864 1493 plerumque
884 1416 958 1465 non
977 1394 1026 1465 ita
1040 1390 1186 1465 moleste
1206 1394 1241 1466 in
1264 1393 1408 1493 publico

354 1526 471 1587 essent
497 1535 660 1602 carcere,
682 1509 774 1582 sient
799 1509 1007 1608 inpropriis
1030 1508 1162 1581 laribus
1177 1508 1304 1608 degere
1327 1536 1409 1587 cum

355 1628 484 1703 talibus
522 1642 668 1724 tamque
696 1624 864 1697 humanis
897 1623 1097 1723 hospitibus
1130 1626 1406 1726 compelluntur.

355 1749 434 1816 Non
452 1740 934 1840 releroinjuriarumspecies
947 1736 1114 1836 singulas,
1133 1754 1206 1814 tam
1219 1742 1412 1817 verborum

354 1884 417 1932 seu
433 1857 731 1931 contumeliarum
748 1880 856 1954 quarn
872 1854 1005 1948 reales,
1022 1880 1111 1954 quas
1126 1871 1202 1930 tum
1216 1860 1252 1931 in
1267 1862 1414 1959 propria

354 1988 430 2046 tum
448 1974 484 2046 in
502 1972 703 2067 conjunctis
718 1986 755 2042 et
771 1970 976 2043 domesticis
992 1970 1173 2071 personis,
1192 1972 1239 2045 ab
1259 1974 1309 2047 eis
1330 2000 1412 2074 per-

354 2090 446 2162 ferre
473 2100 639 2187 oportet,
668 2087 706 2157 in
733 2110 864 2176 uxore,
894 2086 930 2157 in
957 2083 1116 2180 filiabus,
1145 2087 1181 2159 in
1214 2088 1349 2162 ancillis
1377 2106 1412 2163 et

355 2202 551 2275 domestica
566 2199 714 2291 familia,
739 2201 776 2271 in
800 2198 908 2271 rebus
924 2200 1032 2271 etiam
1049 2213 1084 2271 et
1106 2197 1232 2295 bonis,
1262 2202 1310 2274 ad
1333 2229 1412 2301 quae

356 2328 506 2411 possunt
525 2337 708 2412 apponere
724 2336 853 2385 manus
876 2342 886 2386 ε
905 2313 1137 2411 nequeenim
1159 2326 1221 2386 aut
1244 2318 1412 2416 explicari

355 2442 416 2499 aut
442 2428 617 2500 recenseri
644 2426 744 2501 facile
771 2442 937 2526 possunt,
971 2428 1039 2501 nisi
1056 2427 1102 2499 ab
1131 2428 1173 2499 iis
1198 2430 1260 2527 qui
1287 2432 1411 2507 talium

354 2539 538 2642 hospitum
552 2542 832 2615 contubernium
858 2540 1078 2615 habuerunt.
1101 2546 1144 2614 Et
1159 2543 1188 2615 si
1212 2543 1304 2618 sorte
1324 2572 1412 2619 non·

356 2656 443 2729 nulli
472 2658 717 2749 inveniantur,
747 2658 808 2757 qui
837 2656 947 2759 paulo
972 2658 1104 2731 caeteris
1127 2656 1348 2735 humanitate
1370 2688 1412 2737 ac

354 2772 570 2871 benignitate
589 2774 790 2874 praecellant
801 2774 916 2871 (quod
932 2798 1039 2874 posse
1054 2772 1132 2846 fieri
1148 2800 1223 2847 non
1245 2776 1412 2853 abnueri-

355 2889 468 2985 mns),
495 2888 647 2961 samulos
671 2904 790 2963 tamen
816 2889 1058 2961 communiter
1082 2914 1143 2962 cos
1167 2890 1300 2965 habere
1324 2918 1412 2965 con·

317 3079 321 3089 ,
354 3004 457 3101 tingit
481 3018 557 3076 tam
587 3004 796 3098 insolentes,
827 3018 866 3075 ut
895 3002 993 3075 nulla
1019 3004 1180 3079 molestia
1202 3008 1317 3105 major
1339 3034 1413 3083 esse

354 3118 467 3216 possit
479 3144 589 3216 qnam
602 3118 727 3191 talium
736 3118 1041 3192 cohabitationem
1057 3135 1092 3192 et
1106 3126 1412 3200 conversationem

355 3236 530 3305 sustinere
560 3261 569 3304 ι
602 3244 675 3305 tam
704 3234 935 3332 incompositi
969 3232 1130 3307 moribus
1164 3251 1199 3308 et
1225 3242 1323 3311 omni
1353 3266 1412 3337 ge·

356 3372 440 3420 nere
477 3348 645 3420 vitiorum
677 3345 800 3447 repleti
831 3348 1071 3421 communiter
1104 3372 1179 3421 esse
1215 3376 1413 3426 consueve-

356 3462 481 3538 runt¹l

404 3586 531 3654 Fateor
554 3578 701 3679 quidem
725 3580 764 3651 in
788 3578 971 3678 republica
994 3578 1145 3651 omnino
1169 3580 1331 3657 militiam
1358 3586 1412 3657 in·

396 3856 423 3915 l.
447 3850 557 3913 ltobert
579 3848 714 3919 blondel,
732 3863 816 3908 autre
829 3847 968 3908 historien
983 3848 1137 3923 normand,
1156 3851 1207 3929 qui
1223 3851 1342 3913 ecdrait
1356 3873 1413 3915 unc

354 3934 465 4001 dimine
478 3938 614 4000 d’annies
623 3938 707 4017 apres
719 3936 901 3996 l’institution
910 3934 947 3995 de
959 3936 987 3995 la
1001 3936 1202 4017 gendarmerie
1212 3956 1411 4018 permanente.

356 4042 442 4089 vante
453 4050 491 4090 an
505 4028 649 4089 contraire
664 4040 738 4087 cette
750 4046 876 4100 mesore,
889 4038 919 4085 et
929 4025 979 4084 stit
991 4028 1124 4086 ressortir
1132 4028 1293 4109 l'erantage
1307 4031 1414 4109 qu’elle

355 4136 424 4177 eeu
437 4116 571 4177 d'emblir
585 4117 613 4177 le
628 4115 752 4177 securiti
761 4114 901 4196 publiqne
915 4135 922 4169 ε
939 4140 953 4167 ι
964 4118 1036 4175 tum
1049 4114 1165 4194 publica
1175 4116 1289 4193 itinera,
1304 4118 1413 4197 absque

355 4224 454 4265 rerum
467 4219 497 4265 et
511 4226 667 4285 corporum
680 4204 867 4277 discrimine,
886 4204 1071 4281 frequentare
1092 4204 1224 4281 riderem
1247 4220 1307 4267 tum
1327 4228 1414 4269 omne

356 4294 505 4355 hominum
516 4316 618 4375 genus,
628 4296 774 4375 potissime
787 4292 1002 4374 negociatores,
1021 4312 1173 4352 crumenas
1187 4314 1259 4355 auro
1274 4294 1412 4372 refertas,

355 4384 434 4465 qnod
450 4385 539 4463 paulo
552 4398 618 4445 ante
631 4385 662 4443 in
675 4384 791 4445 seeretis
804 4393 915 4441 nature
930 4380 1107 4455 visceribus,
1125 4382 1294 4461 praedonum
1316 4400 1410 4460 metu,

356 4472 567 4543 recondebant,
583 4473 756 4535 tritissimum
769 4472 866 4552 pelam
881 4470 996 4531 deterre
1010 4486 1039 4531 et
1052 4470 1089 4531 de
1107 4490 1165 4533 uns
1177 4473 1208 4533 in
1221 4474 1341 4536 altmar
1355 4496 1412 4556 pa·

356 4564 441 4623 tdam
463 4560 605 4643 proficisci
625 4559 768 4620 letantur.
794 4584 808 4611 υ
827 4564 953 4617 Assento
973 4564 1171 4638 Numerata,
1190 4561 1242 4625 lib.
1258 4566 1289 4639 1,
1303 4585 1331 4627 e.
1348 4584 1410 4641 nv,

356 4654 410 4715 hle.
428 4650 477 4712 lat.
493 4647 568 4711 Bibl.
583 4648 673 4727 imp,
690 4658 722 4707 n·
736 4648 831 4719 6198,
847 4645 897 4705 tot.
913 4648 963 4709 20.
