3892 5892
733 874 842 945 men
862 886 1044 962 colurus.
1366 890 1421 946 ιιι

370 1012 434 1109 qui
448 1010 652 1110 sumptibus
671 1010 929 1109 quinquaginta
947 1008 1139 1082 domorum
1168 1008 1298 1081 armari
1321 1006 1422 1089 vesti·

370 1128 478 1225 rique·
496 1124 639 1201 militari
663 1126 875 1199 vestimento
904 1122 1067 1216 deberet,
1091 1120 1277 1223 eidemque
1299 1147 1420 1217 mma,

369 1243 513 1341 quoties
536 1266 629 1342 opus
655 1240 774 1334 soret,
801 1266 904 1315 arcus
933 1254 970 1312 et
996 1236 1164 1339 pharetra
1192 1242 1356 1313 renovari
1387 1254 1423 1313 et

369 1359 559 1433 restaurari
575 1358 763 1433 baberent.
785 1358 831 1429 lli
849 1356 1026 1455 siquidem
1043 1354 1182 1429 nullum
1206 1357 1423 1456 stipendium

370 1473 588 1573 acciperent,
611 1474 681 1546 nisi
697 1497 819 1547 cume
842 1472 1024 1571 parochiis
1046 1476 1118 1546 suis
1143 1498 1209 1572 pro
1229 1472 1348 1571 aliqua
1363 1498 1423 1546 ex·

370 1590 551 1689 peditione
577 1591 675 1689 regia
702 1588 962 1680 educereutnr;
990 1587 1052 1660 sed
1075 1611 1175 1661 arma
1195 1614 1335 1688 semper
1361 1588 1424 1661 ha·

369 1704 494 1780 bentes
514 1721 656 1806 parata,
674 1707 720 1800 in
742 1706 815 1778 suis
833 1702 969 1776 aedihus
990 1718 1225 1792 morerentur,
1244 1705 1302 1777 vel
1320 1729 1423 1801 agro·

369 1846 449 1893 rum
474 1821 638 1916 culture,
665 1820 723 1895 vel
752 1819 900 1917 alicujus
929 1820 1015 1891 artis
1045 1821 1146 1919 operi
1173 1832 1279 1917 atque
1304 1818 1423 1893 ollicio

369 1938 567 2010 insistentes
583 1954 619 2011 et
637 1951 818 2011 vacantes.
843 1938 895 2007 Ne
908 1948 1047 2028 autem,
1067 1936 1200 2035 absque
1217 1938 1289 2009 ullo
1305 1936 1423 2009 hono·

369 2055 464 2125 rario
478 2076 542 2125 seu
562 2052 734 2141 utilitate,
755 2074 866 2123 onere
881 2050 1014 2123 militiae
1030 2050 1112 2151 plus
1127 2049 1271 2148 reliquis
1291 2050 1424 2149 gravati

368 2181 568 2261 manerent,
579 2166 788 2239 immunitos
805 2165 857 2238 eis
872 2190 894 2240 a
909 2164 1069 2238 collectis
1085 2179 1122 2237 et
1137 2165 1239 2239 talliis
1254 2168 1357 2264 regiis
1372 2178 1425 2239 est

368 2284 548 2380 prestita&
560 2282 669 2378 Cujus
681 2281 1000 2380 contemplatione,
1018 2305 1062 2353 eo
1077 2279 1176 2376 quod
1187 2280 1289 2355 talliae
1302 2306 1424 2380 graues

368 2413 476 2497 atque
489 2421 650 2472 onerose
666 2412 801 2491 esseut,
818 2396 920 2469 laoile
937 2394 1212 2469 inveniebantur
1227 2396 1346 2495 plures
1361 2398 1424 2494 qui

368 2513 416 2587 ad
432 2538 511 2588 esur
523 2538 561 2586 se
576 2514 739 2587 militiam
750 2511 948 2611 obligarent
964 2514 1219 2613 ultroneosque
1234 2512 1421 2604 ollerrent;

368 2631 443 2703 imo
467 2644 503 2702 et
528 2653 622 2729 saepe
648 2653 743 2702 unus
759 2627 930 2703 adversus
949 2628 1124 2719 alterum,
1149 2628 1198 2701 ob
1217 2628 1424 2727 hujusmodi

367 2746 600 2819 immunitatis
636 2746 908 2845 prerogativam
943 2768 1011 2842 pro
1055 2743 1181 2817 militia
1217 2744 1424 2841 hujusmodi

366 2861 675 2961 consequendam,
694 2861 929 2935 decertarent.
947 2865 1078 2933 Tantus
1096 2862 1223 2935 animis
1233 2886 1333 2961 paene
1348 2886 1424 2937 om·
1531 2854 1537 2869 ’

367 2978 470 3052 nium
492 2976 665 3051 libertatis
679 3001 783 3051 amor
798 2978 943 3050 innatus
959 2992 1034 3071 est,
1053 2998 1093 3049 ut
1105 2980 1172 3078 pro
1190 3001 1233 3051 ea
1245 3002 1283 3049 se
1300 2978 1424 3051 mortis

367 3092 562 3166 discrimini
588 3095 806 3192 quicumque
831 3092 994 3189 generosi
1018 3093 1129 3165 animi
1158 3118 1232 3165 non
1259 3092 1423 3167 dubitent

367 3232 567 3306 exponere3
585 3230 793 3305 quanquam
812 3206 912 3280 baud
929 3222 1062 3281 temere
1081 3206 1236 3285 diffinire
1251 3210 1419 3302 velimus,

369 3336 449 3396 utra
464 3322 593 3401 barum
611 3324 821 3397 servitutum
841 3322 982 3417 gravior
998 3334 1060 3393 aut
1076 3321 1258 3395 molestior
1272 3325 1351 3395 viro
1366 3348 1422 3397 sa·

367 3440 479 3539 pienti
502 3441 661 3528 exsistat,
690 3436 909 3511 tributorum
929 3436 1060 3509 scilicet
1087 3451 1149 3510 aut
1175 3436 1421 3534 hujuscemodi

367 3555 541 3658 pedestris
556 3555 699 3627 militiae.
786 3633 789 3642 ,

415 3671 507 3745 Talis
521 3671 627 3768 igitur
642 3669 680 3742 in
695 3668 818 3745 militia
838 3669 987 3763 Gallica,
1003 3690 1100 3743 enno
1117 3670 1255 3743 circiter
1270 3670 1421 3746 decurso

366 3812 411 3861 ex
430 3810 505 3885 quo
527 3810 613 3859 cum
638 3784 755 3883 buglis
779 3800 909 3883 treuge
929 3799 1040 3884 psctae
1057 3784 1223 3877 luerant',
1255 3786 1346 3861 ordo
1368 3802 1422 3861 est

368 3906 526 4002 positus:
546 3904 650 3977 initio
669 3900 817 4002 quidem
839 3927 914 3975 non
939 3902 1051 3977 modo
1068 3904 1184 3997 utilis,
1206 3904 1268 3977 sed
1291 3919 1327 3977 et
1341 3928 1422 4004 pcr-

408 4153 438 4208 l.
456 4150 527 4211 Vcir
539 4150 743 4213 l’ordounence
755 4152 806 4231 qui
819 4152 936 4213 institue
949 4164 1024 4211 cette
1036 4150 1145 4227 milicc;
1160 4150 1216 4211 elle
1230 4162 1273 4209 est
1285 4148 1367 4209 datie
1381 4148 1421 4211 dc

367 4243 406 4299 28
421 4238 497 4299 mil
511 4242 599 4300 ttlt.
616 4244 814 4301 Ordonnances
826 4244 875 4298 des
891 4244 958 4297 llois
970 4242 1008 4297 de
1020 4244 1138 4315 Fretum,
1149 4252 1171 4297 t.
1188 4241 1266 4310 xlv,
1284 4260 1314 4319 p.
1331 4246 1357 4301 l.

408 4329 439 4388 2.
456 4328 536 4386 (lette
554 4328 803 4407 approximation‚
822 4326 873 4407 qui
886 4340 929 4385 est
942 4327 1020 4401 iuste
1040 4348 1115 4407 pour
1127 4346 1160 4387 ce
1173 4327 1224 4406 qui
1237 4346 1378 4387 concerpe
1392 4328 1421 4389 la

368 4414 586 4499 perdamne,
608 4417 702 4476 aurait
722 4416 761 4476 du
782 4418 854 4477 loire
876 4416 1046 4495 eperccroir
1065 4420 1081 4475 b
1103 4414 1227 4473 l'suteur
1241 4414 1311 4493 qu’il
1327 4415 1420 4475 s’itsit

368 4505 482 4585 trompi
495 4522 531 4563 cn
544 4502 658 4581 placant
668 4506 696 4565 la
711 4506 878 4565 conclusion
892 4504 929 4565 dc
941 4506 969 4564 la
984 4510 1064 4567 treve
1076 4508 1093 4563 rl
1106 4503 1162 4563 Ιίιι
1176 4507 1266 4581 tlte,
1278 4504 1419 4567 commeil

367 4616 385 4659 a
401 4596 451 4655 leit
462 4592 613 4669 cidessus,
627 4614 658 4673 p.
674 4597 743 4656 160.
