3892 5892
730 857 840 914 nmen
859 855 1031 930 omerus.
1345 859 1402 916 rra

350 978 443 1074 agris
468 977 641 1052 Flandriae
662 1005 772 1078 quam
787 983 1004 1068 Hannoniae,
1023 978 1142 1052 nullus
1157 980 1232 1052 ruri
1247 979 1403 1053 colendo

350 1091 568 1188 intenderet,
588 1095 756 1194 nullaque
766 1121 867 1195 paene
877 1096 960 1169 villa
968 1120 1043 1168 non
1053 1111 1209 1170 cremata
1220 1111 1401 1170 maneret:

351 1221 449 1280 tanta
467 1209 595 1297 rabies,
614 1210 783 1307 furorque
801 1210 917 1285 leralis
932 1211 1077 1284 illorum
1092 1210 1310 1310 populorum
1326 1215 1407 1286 ani-

351 1347 430 1395 mos
445 1323 634 1398 obsederat
648 1341 684 1398 et
699 1325 861 1400 tenebatl
882 1327 1083 1400 Miseranda
1103 1327 1263 1425 prolecto
1286 1352 1406 1402 rerum

350 1437 457 1511 facies
472 1455 509 1512 et
524 1441 638 1514 soedus
654 1442 789 1540 ubique
799 1468 864 1542 per
880 1467 985 1540 agros
1001 1455 1210 1541 prospectus
1229 1457 1325 1534 erat;
1344 1443 1408 1517 ubi

351 1555 461 1641 enim,
470 1555 866 1656 pauloante,terraipsa
877 1558 990 1631 luerat
998 1557 1216 1657 populorum
1226 1557 1410 1632 abundan-

353 1671 400 1741 tia
411 1671 680 1761 confertissima,
691 1696 774 1768 ager
783 1670 997 1745 cultissimus
1008 1685 1042 1744 et
1054 1671 1216 1744 omnium
1226 1669 1408 1745 bonorum

351 1786 512 1859 ubertate
528 1787 802 1879 amoenissimus,
819 1785 881 1858 nbi
896 1786 988 1858 villae
1005 1786 1221 1859 densissimae
1236 1810 1278 1860 ac
1294 1811 1410 1887 popu·

350 1902 544 1994 losissimae,
556 1927 630 1974 non
648 1903 717 1974 nisi
728 1902 909 1975 desertum
924 1899 1153 1998 solitudoque
1171 1916 1207 1974 et
1222 1903 1407 1989 maceries,

351 2015 537 2089 destructae
560 2016 685 2088 savillae
708 2031 744 2088 et
768 2017 923 2106 cineres,
946 2041 1011 2088 seu
1034 2017 1209 2088 semiustae
1232 2015 1348 2088 trabes
1369 2041 1411 2088 ac

352 2131 449 2227 tigna
467 2131 691 2204 videbantur.
711 2131 852 2229 Siquid
870 2155 956 2202 vero
972 2131 1040 2230 ipsi
1059 2132 1115 2202 vel
1131 2133 1280 2231 propius
1296 2133 1414 2204 consi-

352 2261 448 2320 stens
462 2272 530 2318 suo
546 2246 697 2345 oppido,
716 2246 774 2318 vel
788 2244 926 2318 civibus
941 2246 1109 2336 attinens,
1128 2271 1188 2318 seu
1206 2249 1313 2318 etiam
1328 2247 1413 2319 alibi

352 2364 525 2434 intactum
535 2361 771 2459 reliquissent,
782 2360 975 2434 veniebant
985 2362 1113 2433 milites
1125 2361 1308 2459 principis,
1320 2386 1412 2458 quos

352 2476 504 2574 praesidii
520 2499 626 2548 causa
646 2477 683 2546 in
704 2475 846 2574 oppidis
865 2489 902 2548 et
921 2477 1045 2548 castris
1065 2475 1190 2546 vicinis
1212 2475 1410 2566 locaverat,

352 2592 436 2688 qui,
458 2591 579 2663 omnia
596 2589 843 2663 collustrantes
864 2605 901 2664 et
922 2603 1188 2688 percursantes,
1213 2593 1413 2666 exterminii

350 2709 699 2781 consummationem
728 2707 923 2800 faciebant,
950 2706 1041 2778 nibil
1071 2707 1212 2806 penitus
1234 2710 1412 2808 integrum

351 2824 603 2922 relinquentes,
617 2823 665 2898 ad
672 2824 774 2922 quod
787 2849 914 2898 manus
930 2825 1070 2898 mittere
1087 2824 1298 2924 potuissent.

709 3085 963 3155 CAPlTULUbl
988 3085 1047 3152 tx.

396 3263 517 3350 Qualiter
526 3264 680 3320 Gandeuaea
692 3261 854 3316 obsederunt
863 3260 996 3333 oppidum
1008 3259 1042 3314 de
1055 3261 1233 3330 Oudemrde,
1247 3261 1294 3316 ubi
1307 3261 1365 3316 cusi

685 3351 818 3424 fugatique
828 3351 940 3424 turpiter
951 3349 1066 3406 fuerunt.

399 3539 491 3607 Cum
509 3557 595 3605 vero
613 3532 679 3632 ipsi
697 3530 907 3603 Gandenses
921 3556 965 3602 ex
986 3531 1129 3630 oppidis
1148 3531 1293 3621 vicinis,
1316 3530 1410 3602 mili-

352 3651 486 3726 taribus
508 3648 620 3747 copiis
638 3646 790 3737 refertis,
815 3648 968 3744 graviter
990 3659 1214 3743 urgerentur,
1239 3657 1274 3716 et
1298 3645 1409 3743 potis·

352 3768 439 3838 sime
465 3791 509 3838 ex
534 3761 671 3862 oppido
696 3761 910 3835 Oldenardae
924 3765 946 3852 ¹,
968 3759 1068 3859 quod
1089 3761 1156 3852 eis,
1184 3785 1230 3831 ne
1251 3783 1316 3857 per
1340 3759 1407 3830 flu-

353 3888 456 3956 men'
469 3907 512 3956 er
522 3886 683 3953 Tnmaco
697 3894 732 3951 et
744 3879 985 3977 adjacentibus
1002 3879 1104 3950 terris
1117 3875 1240 3948 solatia
1256 3899 1408 3947 annonae

351 4014 628 4093 caeterarumque
655 4022 775 4069 rerum
802 3995 871 4068 sibi
901 3993 1181 4066 necessariarum
1208 4015 1407 4087 conseque-

351 4128 488 4202 rentur,
523 4112 627 4185 valde
655 4109 843 4201 obstabat,
867 4109 944 4181 ausi
978 4121 1062 4180 sunt
1088 4109 1205 4205 ipsum
1232 4103 1406 4204 oppidum

351 4227 512 4326 prolecto
536 4242 670 4300 temere
694 4226 845 4300 nimium
872 4223 1052 4297 obsidere.
1082 4227 1172 4294 Ante
1196 4219 1295 4319 quod
1324 4241 1405 4291 cum

393 4489 423 4545 l.
445 4482 628 4544 summe.

391 4577 421 4632 2.
446 4575 593 4634 L’Escrut.

434 4692 446 4728 l
