3892 5892
568 918 627 975 atu
852 919 1107 978 fflsmmtnuu
1128 919 1265 978 CAROU
1284 919 1337 976 vu

569 1029 761 1129 putabant,
792 1035 1011 1103 Francorum
1039 1027 1099 1102 illo
1124 1029 1347 1102 adventasset
1372 1031 1570 1122 exercitus,
1601 1033 1643 1102 in

570 1144 729 1240 Angliam
758 1140 981 1218 revexerunt.
1012 1147 1082 1218 Sed
1109 1146 1281 1243 quoniam
1312 1145 1379 1244 ipsi
1410 1149 1645 1220 Francorum

569 1261 644 1357 regi
659 1277 843 1360 suspectus
861 1260 1154 1357 Burgundionum
1168 1261 1240 1333 dux
1256 1285 1395 1359 semper
1411 1261 1641 1354 habebatur,

570 1401 650 1448 eam
667 1402 744 1448 rem
761 1375 903 1474 aggredi
920 1377 1068 1446 minime
1086 1377 1284 1449 attentavit.
1304 1377 1463 1449 Habebat
1481 1377 1641 1477 quidem

570 1515 722 1563 comeo
749 1515 891 1590 pacem,
919 1489 1062 1587 deque
1091 1492 1127 1564 in
1155 1491 1400 1590 superioribus
1424 1493 1636 1580 retulimus,

570 1631 696 1703 quam,
722 1619 899 1703 superstes
924 1604 961 1676 in
993 1603 1160 1681 humanis
1193 1607 1365 1704 quamdiu
1397 1607 1478 1698 fuit,
1509 1624 1639 1706 aperta

573 1711 827 1819 manifestaque
848 1737 995 1820 ruptura
1021 1746 1208 1821 nunquam
1235 1722 1399 1810 violavit;
1427 1723 1491 1795 sed
1515 1725 1640 1821 qualis

571 1838 773 1908 animorum
803 1836 998 1908 concordia
1029 1861 1214 1933 nexusque
1245 1837 1355 1928 soret,
1391 1838 1512 1910 multis
1545 1863 1637 1912 sane

570 1951 654 2022 satis
668 1965 834 2022 constare
848 1952 965 2048 potuit
979 1951 1211 2049 argumentis.

578 2105 582 2113 ·
621 2065 741 2158 lgitur,
758 2066 1108 2139 intermissa.interim
1121 2065 1205 2137 dicti
1217 2067 1344 2164 oppidi
1352 2069 1629 2165 expugnatione,

455 2179 469 2200 ³
571 2180 673 2276 quod
695 2194 769 2276 tota
793 2179 935 2277 Anglica
959 2182 1076 2268 natio,
1099 2207 1170 2278 prae
1191 2184 1325 2254 caeteris
1344 2182 1531 2275 omnibus,
1550 2183 1634 2256 cba-

572 2296 751 2370 rissimum
778 2320 919 2394 semper
946 2311 983 2368 et
1011 2297 1147 2391 magnis
1180 2296 1368 2369 defensum
1401 2299 1634 2373 munimentis

573 2409 811 2508 praesidiisque
843 2411 968 2482 fultum
1001 2410 1213 2483 militaribus
1242 2411 1499 2486 studiosissime
1520 2438 1633 2486 asser·

573 2541 646 2619 vat,
676 2526 834 2598 bibernis
855 2524 1038 2614 mensibus
1057 2525 1205 2617 exactis,
1227 2530 1446 2600 Francorum
1468 2553 1528 2601 rex
1548 2534 1634 2604 Bur·

573 2640 735 2738 degalam
756 2656 792 2714 et
818 2641 999 2712 Vaseoniae
1028 2655 1158 2730 terras,
1192 2665 1281 2739 quas
1311 2642 1506 2740 lnglorum
1533 2639 1632 2742 reges

574 2756 767 2828 inveterata
780 2756 854 2849 jam
872 2755 1094 2854 possessione
1115 2769 1320 2846 tenueram,
1342 2772 1378 2848 et
1393 2783 1501 2857 supra
1516 2783 1631 2834 anno·

574 2899 654 2945 rum
691 2873 928 2942 ducentorum
965 2883 1002 2940 et
1038 2869 1274 2967 quadraginta
1310 2874 1484 2972 spatium,
1525 2876 1630 2948 armis

573 2983 719 3080 aggredi
736 2998 774 3054 et
788 2982 835 3055 ab
852 2983 937 3080 ipsis
953 2981 1258 3082 aulerrellnglicis
1273 2989 1467 3062 constituit.
1488 2993 1530 3060 Et
1547 2991 1629 3085 quia

572 3121 638 3195 per
672 3097 902 3194 semetipsum
934 3119 1063 3193 magna
1095 3122 1139 3170 ex
1167 3113 1266 3196 parte
1299 3117 1509 3200 presentem
1547 3107 1631 3174 Nor·

574 3213 739 3285 mannica
772 3211 941 3285 adversus
972 3212 1121 3286 eosdem
1149 3216 1328 3312 expeditio
1358 3217 1492 3290 directa
1524 3216 1628 3290 felici·

574 3343 697 3426 terque
732 3341 982 3400 consummata
1011 3325 1124 3400 fuerat
1154 3329 1384 3424 (ministerio.
1404 3346 1522 3403 tamen
1555 3331 1629 3430 plu·

574 3445 706 3516 rimum
720 3445 864 3517 illustris
879 3446 1022 3517 comitis
1041 3445 1236 3532 Dunensis,
1252 3448 1314 3544 qui
1332 3461 1518 3520 exsecutor
1531 3473 1629 3547 poene

567 3559 709 3658 ubique
726 3560 895 3653 idoneus,
918 3561 1069 3662 consilio
1090 3586 1196 3659 sagax
1210 3587 1252 3635 ac
1267 3565 1457 3662 providus,
1475 3580 1579 3664 atque
1592 3565 1626 3636 in

573 3679 776 3750 interventu
809 3692 974 3750 strenuus
1011 3702 1153 3775 semper
1186 3679 1298 3753 luerat
1331 3683 1624 3782 comprobatus),

574 3793 699 3865 volens
716 3795 823 3864 etiam
845 3806 984 3892 partam
1003 3808 1038 3864 et
1056 3808 1300 3892 recuperatam
1323 3797 1436 3894 ipsam
1462 3804 1628 3874 Nonnun-

573 3909 671 3979 niam
688 3933 754 4006 per
770 3933 808 3979 se
828 3909 937 3980 tutari
952 3932 995 3979 ac
1015 3907 1224 3996 defendere,
1246 3911 1276 3982 si
1295 3909 1416 3985 hostes
1440 3915 1512 4010 (uti
1524 3915 1628 4011 vulgo

574 4021 732 4093 futurum
743 4021 964 4118 jactabatur)
978 4023 1091 4118 ipsam
1103 4024 1232 4096 iterum
1246 4027 1384 4124 ingredi
1395 4051 1457 4101 seu
1469 4029 1628 4102 infestare

572 4151 793 4232 satagerent,
811 4135 1075 4234 expeditionem
1098 4139 1342 4234 Aquitanicam
1362 4159 1488 4217 contra
1504 4143 1628 4242 Anglos

572 4267 608 4324 et
637 4258 831 4342 Vascones,
859 4252 994 4324 eisdem
1021 4252 1171 4350 Anglicis
1195 4269 1303 4354 atque
1327 4283 1456 4344 eorum
1481 4261 1627 4360 imperio

573 4368 743 4463 singulari
766 4369 954 4442 allectione
979 4368 1215 4462 coherentes,
1239 4375 1362 4445 comiti
1385 4373 1624 4466 Clarimontis,

573 4479 649 4552 lilio
674 4481 776 4554 ducis
803 4480 990 4573 Borbonii,
1024 4507 1156 4580 genero
1184 4509 1270 4577 suo,
1300 4501 1335 4559 et
1360 4489 1476 4562 eidem
1507 4489 1627 4562 illustri

572 4597 697 4668 comiti
706 4599 866 4681 Dunensi
877 4597 1067 4669 commisit.
1081 4597 1219 4686 Quibus
1234 4613 1269 4672 et
1286 4603 1471 4702 copiarum
1486 4629 1626 4678 suarum
