3892 5892
522 952 527 973 Ι
605 880 663 940 asc
889 882 1148 944 msrommuu
1166 883 1314 944 emon
1334 885 1391 944 vu

605 1005 684 1076 tatis
708 1004 846 1076 ratione
863 1005 1030 1082 subnixa.
1057 1011 1145 1099 Quae
1169 1033 1231 1082 rex
1265 1008 1371 1081 idem
1396 1030 1462 1106 per
1484 1003 1654 1078 nonnullos
1727 1001 1728 1006 ’

602 1120 768 1220 praelatos
779 1136 817 1192 et
833 1106 982 1196 clericos
998 1126 1095 1222 regni
1113 1125 1351 1198 fidelissimos
1368 1123 1575 1220 intelligens,
1594 1120 1654 1217 qui·

599 1227 670 1306 bus
689 1235 807 1306 omnis
833 1237 1040 1337 temporalis
1065 1237 1214 1310 honoris
1237 1239 1389 1336 fastigio
1415 1253 1522 1336 atque
1544 1233 1653 1333 opibus
1727 1265 1728 1282 π

600 1353 898 1457 quantiscumque
927 1354 1070 1428 charior
1097 1371 1206 1456 atque
1230 1357 1396 1456 primior
1427 1369 1504 1438 eret
1525 1349 1649 1432 veritas,

599 1468 691 1542 lides
705 1485 742 1543 et
755 1470 907 1566 justitia,
927 1470 1101 1566 aliorum,
1128 1473 1193 1570 qui
1208 1472 1409 1574 cupiditati
1435 1487 1540 1569 etque
1562 1461 1652 1538 ambi·

598 1591 689 1664 tioni
719 1590 976 1684 inserviebant,
994 1593 1121 1691 spretis
1148 1593 1419 1692 opinionibus,
1445 1583 1649 1663 libentissime

598 1710 676 1809 ipsa
691 1703 924 1783 sacratissima
936 1724 1044 1810 atque
1064 1711 1303 1786 saluberrima
1319 1712 1473 1786 decreta
1491 1696 1646 1781 observari

597 1846 741 1924 semper
759 1824 955 1899 mandabat
969 1841 1007 1899 et
1023 1825 1175 1900 iaciebat
1197 1828 1381 1926 quamdiu
1404 1827 1549 1900 viveret.
1573 1813 1646 1902 Quia

598 1963 685 2013 vero
694 1939 820 2012 eadem
832 1939 975 2014 decreta
986 1967 1062 2016 non
1073 1959 1255 2036 recusant,
1267 1941 1491 2042 vacantibus
1501 1927 1641 2016 ecclesiis,

596 2082 662 2155 per
670 2081 770 2154 reges
778 2072 813 2130 et
821 2058 1002 2158 principes
1011 2060 1088 2134 fieri
1103 2059 1322 2134 electoribus
1334 2082 1465 2160 preces
1473 2077 1539 2154 pro
1549 2040 1642 2143 dignit

596 2187 632 2244 et
654 2173 793 2248 idoneis
813 2176 977 2275 personis
998 2173 1133 2275 absque
1154 2177 1226 2250 ulla
1244 2177 1509 2278 impressione,
1528 2157 1642 2264 quoties

596 2302 741 2386 rogatus
760 2288 807 2362 ab
831 2288 1009 2387 aliquibus
1030 2313 1097 2388 pro
1119 2289 1241 2389 aliquo
1267 2315 1334 2365 rex
1360 2292 1440 2391 ipse
1462 2275 1641 2357 rescribettt

595 2409 661 2478 'seu
672 2419 830 2502 rogaret,
845 2405 895 2478 ita
905 2429 987 2478 suas
998 2405 1166 2505 epistolas
1178 2407 1379 2480 verborum
1393 2386 1640 2476 mansuetudine

596 2545 640 2595 ac
659 2523 907 2596 moderamine
927 2519 1172 2622 temperabat,
1191 2537 1233 2594 ut
1254 2547 1335 2596 non
1358 2520 1450 2594 alias
1467 2535 1564 2600 eum,
1586 2519 1637 2600 ΡΝ)

597 2663 672 2737 quo
689 2637 890 2732 scribebat,
907 2636 999 2710 velle
1019 2637 1101 2736 eligi
1127 2638 1370 2738 exprimeret,
1398 2634 1468 2710 nisi
1490 2633 1638 2743 quatenus

596 2758 768 2830 electores
781 2757 900 2855 ipsum
925 2754 1099 2827 idoneum
1122 2769 1228 2855 atque
1250 2755 1381 2830 utilem
1397 2743 1554 2824 Ecclesiae
1567 2738 1633 2815 Del,

595 2871 795 2944 seeundum
822 2868 1057 2942 conscientias
1081 2893 1180 2961 suas,
1207 2869 1374 2943 futurum
1392 2889 1469 2941 esse
1493 2865 1635 2952 agss⁰⁵⁰⁶⁴

595 2999 688 3056 rent.
706 2988 834 3079 Magna
854 2982 1016 3081 prolecto
1035 2981 1255 3076 moderatio,
1277 3000 1313 3058 et
1342 2983 1526 3080 majestate
1546 2963 1633 3058 ditm

592 3099 773 3196 regnantis
790 3112 898 3198 atque
913 3097 1016 3170 omni
1032 3097 1139 3170 laude
1155 3112 1191 3172 et
1205 3093 1430 3174 imitatione!

641 3219 734 3288 Cum
749 3240 849 3308 vero,
871 3213 992 3314 [circa]
1011 3228 1155 3316 tempus
1171 3216 1310 3313 quoad
1326 3214 1465 3314 Anglos
1477 3193 1632 3318 expellen-

593 3332 661 3406 dos
673 3331 720 3406 de
736 3332 956 3406 Normannia
973 3355 1075 3405 arma
1091 3332 1167 3431 ipse
1181 3355 1244 3404 rex
1263 3337 1524 3432 assumpserat,
1545 3331 1596 3384 vec
1618 3337 1630 3354 ·

593 3449 696 3548 galia,
717 3462 865 3549 propter
879 3472 1049 3545 magnam
1070 3447 1190 3521 adhuc
1203 3449 1305 3545 regni
1317 3441 1590 3554 devastationem
1602 3427 1630 3548 fl

591 3568 852 3666 paupertatem,
867 3565 915 3638 ad
932 3578 1048 3638 tantas
1064 3565 1255 3664 impensas,
1273 3588 1363 3664 quas
1379 3563 1458 3637 talis
1476 3539 1628 3650 exped¹l¹⁰

591 3679 826 3782 exposcebat,
844 3680 993 3752 minime
1011 3677 1173 3752 sufficere
1191 3703 1297 3778 posse
1319 3677 1570 3756 invenirentur,
1608 3759 1613 3774 Ι

591 3823 666 3871 uno
681 3799 827 3898 praelato
845 3796 946 3893 regni
960 3809 1165 3894 suggestum
1179 3795 1248 3867 sibi
1262 3812 1351 3869 tunc
1363 3797 1471 3897 luisse
1483 3783 1627 3884 008⁰⁰l¹2

590 3938 692 4005 mus,
710 3927 751 3985 ut
770 3909 1046 4014 subventionem
1062 3908 1108 3983 eb
1123 3909 1367 3984 ecclesiasticis
1384 3925 1421 3985 et
1437 3903 1530 3979 clero
1545 3894 1626 3976 mgni

588 4033 646 4103 sui
660 4031 835 4126 exigeret,
853 4026 900 4100 ad
920 4026 1163 4126 supplendum
1178 4027 1300 4125 quod,
1318 4027 1366 4118 ad
1382 4037 1486 4100 tantm
1500 4008 1548 4086 rei
1560 4015 1624 4131 {¹¹⁰⁶

588 4146 661 4219 lem
686 4142 962 4246 perficiendam,
990 4141 1078 4214 fisco
1100 4141 1247 4241 publico
1273 4140 1453 4214 deficeret.
1478 4121 1544 4202 Sed
1564 4123 1624 4242 {1³⁵²

458 4274 462 4282 '
588 4287 665 4355 rex,
686 4261 767 4361 pius
790 4273 826 4332 et
847 4257 1090 4331 ecclesiastices
1105 4257 1277 4332 libertatis
1299 4272 1459 4347 amator,
1486 4237 1624 4342 uPPnme

586 4373 837 4472 hujuscemodi
861 4373 1012 4448 verbum
1031 4398 1053 4446 a
1072 4371 1242 4473 pontifice
1267 4368 1499 4446 ecclesiastico
1524 4358 1622 4466 proa-

586 4509 666 4566 tum
685 4492 851 4592 repressit
865 4514 907 4563 ae
923 4488 1070 4584 refellit,
1091 4490 1213 4563 dicens
1233 4488 1301 4561 sibi
1326 4487 1388 4562 tali
1402 4469 1553 4561 subsidio
1568 4475 1621 4590 ,ml

586 4594 699 4682 nime>
715 4632 807 4706 opus
837 4631 933 4700 esse,
959 4630 1043 4680 cum
1075 4619 1162 4679 tunc
1186 4605 1340 4678 maxime
1366 4604 1485 4680 divino
1508 4571 1619 4662 etffllw
