3892 5892
730 908 841 967 nunu
859 908 1062 969 SECUNDUS.
1392 908 1428 965 dl

372 1042 408 1101 et
425 1026 649 1121 tradimenta,
665 1029 847 1103 nonnullae
858 1032 965 1103 etiam
982 1053 1056 1100 non
1073 1043 1213 1101 tantum
1225 1029 1335 1103 semel
1346 1054 1431 1130 cap·

372 1157 428 1233 tae,
442 1142 505 1216 sed
520 1144 646 1243 saepius
661 1133 823 1217 bostium
838 1170 879 1217 ac
891 1144 1103 1243 praedonum
1119 1143 1310 1241 direptioni
1324 1158 1431 1242 atque

371 1258 529 1333 ludibrio
543 1258 756 1361 patueruntl
773 1259 913 1349 Quibus
926 1285 1027 1361 paene
1037 1259 1186 1332 similem
1201 1259 1335 1331 exitum
1345 1261 1433 1333 lece·

373 1391 458 1449 runt
472 1377 661 1451 innumera
670 1376 742 1449 sere
759 1402 823 1475 per
839 1403 986 1451 omnem
997 1376 1147 1450 Galliam
1158 1376 1256 1465 loca3
1276 1401 1431 1474 quorum

372 1488 403 1559 si
417 1485 554 1585 singula
580 1487 774 1561 infortunia
794 1502 830 1561 at
848 1487 1044 1560 exitiabiles
1058 1510 1159 1559 casus
1179 1486 1309 1559 relerre
1326 1486 1432 1577 uelle·

375 1628 466 1695 mus,
479 1604 592 1676 multa
604 1603 708 1677 nobis
720 1604 896 1681 librorum
905 1604 1087 1677 volumina
1103 1602 1285 1701 implenda
1300 1615 1428 1675 essent.

374 1718 444 1792 Sed
461 1718 508 1791 ad
523 1717 642 1816 aliqua
666 1734 863 1791 memoratu
882 1719 1045 1817 digniora
1064 1717 1279 1791 veniendum
1295 1732 1367 1809 est,
1385 1740 1432 1789 ne

373 1834 571 1935 legentibus
587 1836 731 1909 onerosi
747 1835 991 1933 fastidiosique
1007 1836 1240 1907 inveniamur.

723 2126 980 2199 ctpttututt
1007 2130 1083 2197 Vll.

514 2310 633 2378 Qualiter
643 2309 733 2365 civitas
744 2311 937 2365 Aurelianensis
946 2310 981 2364 ab
992 2309 1109 2381 Anglicis
1118 2310 1222 2365 obsessa
1231 2311 1289 2365 tuit.

424 2476 670 2566 Quadriennio
688 2476 863 2575 siquidem
876 2492 938 2550 aut
949 2477 1044 2550 circa
1059 2491 1142 2577 post
1158 2477 1319 2578 praelium
1336 2476 1433 2575 apud

375 2596 584 2669 vernolium
593 2596 761 2689 decurso,
779 2620 862 2668 cum
880 2596 1014 2693 Anglici
1027 2621 1136 2696 supra
1153 2597 1284 2693 Ligeris
1298 2596 1432 2669 ilumen

376 2714 549 2787 nonnulla
571 2714 807 2787 obtinuissent
829 2714 963 2813 oppida
986 2740 1048 2787 seu
1078 2714 1236 2806 castella,
1271 2714 1433 2798 uidelicet

379 2836 538 2929 Gergesa
561 2830 607 2903 ad
623 2844 778 2928 quatuor
789 2829 910 2905 leucas
934 2856 1042 2937 supra
1061 2832 1348 2905 Aurelianensem
1366 2856 1433 2903 ur-

375 2944 478 3041 bem,
499 2948 710 3021 Modinum¹
732 2972 818 3019 vero
840 2948 887 3021 ad
910 2963 1065 3046 quatuor
1094 2948 1255 3021 similiter
1276 2962 1311 3019 et
1340 2954 1433 3019 Bau·

375 3064 478 3159 gensi
503 3063 549 3135 ad
571 3076 707 3164 septem
739 3064 830 3136 inira
856 3064 987 3137 dictam
1021 3063 1170 3147 urbem,
1198 3088 1306 3163 supra
1338 3065 1434 3165 ripas

378 3175 536 3273 ejusdem
561 3179 734 3268 fluminis,
770 3192 968 3251 statuerunt
1006 3178 1120 3275 ipsam
1145 3177 1436 3251 Aurelianensem

379 3292 502 3365 urbem
520 3293 675 3391 aggredi,
693 3318 806 3393 opum
824 3291 1043 3365 abundantia
1055 3308 1090 3364 et
1102 3292 1336 3391 populorum,
1353 3306 1436 3366 ante
1470 3299 1477 3311 ‘

379 3406 508 3480 multas
532 3407 639 3498 alias,
660 3424 746 3479 tunc
772 3405 969 3503 frequentia
990 3418 1027 3475 et
1050 3405 1307 3477 numerositate
1332 3407 1437 3479 reser-

379 3534 464 3595 tam.
493 3526 596 3611 Quae,
615 3546 698 3595 cum
718 3520 922 3595 suburbana
938 3520 1088 3592 haberet
1103 3519 1236 3621 ampla,
1254 3534 1379 3619 utpote
1398 3522 1436 3593 iu

380 3634 510 3732 quibus
538 3653 655 3711 essent
679 3653 835 3736 quatuor
863 3651 1063 3709 conventus
1089 3635 1261 3708 ordinum
1290 3636 1437 3709 mendi-

380 3754 538 3826 cantium
555 3767 590 3826 et
606 3754 751 3851 insignis
770 3752 955 3849 collegiata
976 3750 1124 3824 ecclesia
1143 3751 1263 3823 Sancti
1284 3752 1432 3843 Arriani,

381 3867 641 3967 cumpluribus
659 3868 920 3967 parochialibus
938 3867 1094 3939 ecclesiis
1113 3882 1149 3940 et
1162 3866 1238 3939 aliis
1252 3867 1433 3959 oratoriis,

381 3984 484 4057 multi
509 3986 603 4057 cives
621 3986 723 4059 veriti
748 4012 814 4073 ne,
843 4000 880 4057 et
904 3984 950 4058 ad
976 4010 1014 4058 se
1037 3978 1298 4083 protegendum
1322 3985 1437 4084 impu·

383 4101 637 4200 gnandumque
675 4103 877 4189 civitatem,
907 4101 972 4172 ista
1000 4100 1164 4173 hostibus
1190 4100 1435 4189 deservirent,

383 4219 613 4316 comportatis
633 4218 723 4291 infra
740 4218 890 4309 moenia,
909 4240 988 4314 quae
1004 4215 1075 4288 illic
1095 4216 1347 4307 constiterant,
1369 4215 1438 4288 bo-

383 4332 451 4425 nis,
470 4332 595 4407 eadem
616 4334 696 4431 igne
712 4346 928 4421 cremantes,
949 4333 986 4403 in
1002 4331 1135 4404 favillas
1152 4330 1361 4430 cineresque
1380 4356 1438 4405 re·

384 4446 486 4522 dacta
501 4450 549 4523 ad
567 4448 685 4525 solum
703 4474 813 4547 usque
828 4441 1115 4547 complanarunt.

424 4658 455 4713 t.
477 4650 741 4713 Memor-loire.
