3892 5892
735 936 845 994 LIBER
864 937 1065 999 SECUNDUS.
1396 948 1430 1005 51

372 1056 454 1129 satis
481 1056 605 1154 procul
630 1060 916 1153 asservabantur,
936 1088 973 1136 se
992 1066 1244 1161 contuleruut;
1264 1070 1435 1170 equibus

372 1171 503 1243 multos
520 1197 645 1245 eorum
670 1191 842 1249 conantes
862 1177 1015 1275 effugere
1035 1206 1162 1255 manus
1182 1202 1431 1282 peremerunt,

372 1300 406 1359 et
424 1287 578 1360 multum
596 1290 672 1361 auri
689 1304 724 1362 et
738 1294 872 1389 argenti
890 1296 1067 1395 variaeque
1084 1300 1249 1397 pretiosae
1265 1300 1435 1402 supellec·

373 1400 441 1474 tilis
455 1421 672 1503 rapuerunt,
689 1422 724 1478 et
739 1406 917 1480 abierunt.

421 1519 555 1616 anglici
577 1546 663 1593 vero
690 1546 765 1595 sese
786 1522 993 1597 ordinantes
1015 1525 1139 1600 denuo
1159 1544 1211 1624 et,
1230 1530 1293 1630 qui
1316 1556 1359 1603 ex
1382 1533 1434 1607 eis

371 1638 539 1735 prostrati
572 1652 712 1711 tantum
746 1638 904 1731 fuerant,
939 1667 977 1714 se
1010 1644 1206 1740 erigentes,
1243 1651 1434 1747 resumptis

371 1751 481 1824 animi
496 1754 731 1853 ‘corporisque
752 1754 908 1846 viribus,
936 1755 1071 1830 ducum
1089 1784 1237 1834 suorum
1260 1762 1434 1836 exhorta-

311 1922 315 1931 ,
370 1868 467 1940 tione
492 1868 683 1942 confortati
699 1884 735 1943 et
751 1868 924 1955 roborati,
941 1872 1089 1946 viriliter
1105 1898 1148 1947 ac
1165 1890 1310 1950 strenue
1322 1880 1432 1951 Fran·

369 2010 495 2057 corum
521 1987 782 2084 Scotornmque
799 1988 921 2086 copias
941 2006 1184 2087 exceperunt,
1206 2007 1266 2083 et,
1296 1992 1433 2068 sortiter

369 2100 592 2193 dimicantes,
611 2102 775 2200 pluribus
796 2102 955 2175 hostiurn
979 2105 1197 2179 vertentibus
1222 2122 1331 2207 terga,
1351 2135 1433 2183 ma-

370 2242 476 2315 gnam
493 2244 536 2293 ex
552 2218 687 2292 eisdem
707 2218 840 2291 cadem
856 2233 1083 2317 stragemque
1100 2219 1274 2295 fecerunt.

418 2338 553 2407 Omnes
582 2335 654 2407 illic
679 2338 870 2406 Scotorum
892 2334 1005 2432 copiae
1028 2358 1112 2408 curn
1142 2338 1215 2409 suis
1241 2342 1456 2437 prosumni-⁸

370 2450 461 2523 uatis
481 2449 633 2522 ducibus
653 2473 753 2547 paeue
772 2450 951 2522 exstinctas
968 2464 1073 2540 suut,
1098 2450 1235 2549 fuitque
1259 2450 1436 2529 interced

369 2581 403 2639 et
420 2566 550 2665 Augias
566 2566 627 2641 diu
644 2566 888 2664 acerrimeque
904 2580 1125 2664 pugnatum,
1140 2590 1256 2667 usque
1271 2569 1319 2643 ad
1336 2584 1430 2643 tota·

368 2682 437 2755 lem
464 2706 591 2755 eorum
616 2682 911 2754 internecionem.
944 2686 993 2753 Ex
1020 2682 1163 2753 Francis
1191 2684 1299 2755 etiam
1327 2686 1430 2758 multi

368 2797 595 2887 ceciderunt,
633 2796 709 2868 aliis
751 2796 835 2868 susis
866 2797 1006 2896 sibique
1043 2821 1109 2896 per
1148 2795 1268 2893 sugam
1298 2823 1429 2873 cousu-

367 2912 534 2985 lentibus.
561 2910 697 2985 Cecidit
711 2910 760 2984 ibi
786 2938 906 2986 comes
923 2913 969 2987 de
992 2912 1182 2987 utba-nata
1206 2940 1291 2989 cum
1311 2914 1431 2991 multis

367 3028 443 3102 aliis
478 3028 659 3102 nobilibus
693 3032 926 3101 Francorum.
963 3033 1044 3101 Dus
1075 3028 1284 3124 Alenconii,
1314 3032 1431 3131 dejec-

367 3159 422 3217 tus
455 3144 502 3217 ad
536 3159 692 3234 terram,
726 3143 889 3216 confecto
919 3144 1063 3242 praelio,
1099 3146 1192 3217 iuter
1226 3148 1428 3221 occisorum

365 3284 511 3334 acervos
545 3260 664 3334 adhuc
693 3260 816 3333 vivens
847 3276 1031 3360 repertus,
1064 3264 1226 3363 captivus
1251 3264 1428 3340 abductus

365 3392 431 3450 est.

413 3494 525 3567 Cessit
542 3494 661 3591 itaque
685 3490 826 3589 buglis,
845 3514 920 3563 nou
939 3492 1131 3564 incruenta
1148 3508 1267 3565 umen
1282 3550 1291 3585 ,
1306 3496 1426 3568 victo-

365 3612 437 3705 ria;
463 3636 547 3684 nam
575 3624 676 3683 etex
700 3609 785 3709 ipsis
810 3607 912 3681 multi
940 3608 1165 3703 ceciderunt,
1200 3608 1307 3709 louge
1338 3634 1425 3685 vero

364 3726 496 3829 plures,
518 3726 671 3801 cruentis
695 3724 849 3825 acceptis
872 3723 1099 3819 vulneribus,
1122 3726 1168 3799 ad
1193 3729 1341 3829 propria
1366 3728 1425 3803 vei

364 3844 545 3919 redierunt
555 3841 610 3916 vel
620 3842 797 3941 deportati
811 3857 909 3915 sunt.
921 3841 1152 3915 Horrendum
1164 3844 1268 3918 vaide
1280 3860 1424 3945 aspectu

365 3976 440 4035 erat
458 3961 530 4034 illic
551 3984 724 4033 caesorum
746 3960 876 4030 intueri
893 3982 1040 4032 acervos
1060 3985 1209 4059 magnos
1226 3973 1261 4034 et
1277 3960 1421 4056 densos,

362 4080 539 4177 praecipue
552 4076 615 4149 ubi
625 4100 707 4149 cum
721 4074 835 4147 Sentis
849 4100 967 4173 pugna
985 4075 1111 4172 fuerat,
1127 4074 1288 4174 equibus
1306 4077 1424 4151 nulius

364 4206 403 4265 ut
418 4195 578 4293 captivus
592 4190 827 4264 abduceretur
842 4204 1002 4263 servatus
1015 4207 1086 4285 est3
1102 4217 1195 4290 quos
1207 4192 1313 4265 etiam
1326 4218 1424 4266 acer·

363 4334 428 4381 vos
452 4309 608 4407 plurium
629 4306 831 4409 permixtim
847 4330 1020 4381 caesorum
1037 4332 1081 4380 ex
1099 4307 1254 4407 Anglicis
1270 4333 1424 4409 corpora

361 4424 602 4522 adaugebaut.

412 4542 502 4615 Huic
518 4556 638 4615 autem
659 4562 786 4640 puguae
802 4536 985 4611 acerbitati
1007 4537 1280 4639 crudelitatique
1298 4544 1425 4617 Scoto-

363 4680 446 4730 rum
461 4654 629 4757 superbia
652 4670 757 4751 atque
782 4654 1013 4753 praesumptio
1026 4678 1172 4728 causam
1188 4656 1319 4731 attulit.
1335 4662 1427 4732 Cum
