3892 5892
726 945 838 1004 mum
856 946 1027 1019 oumrus.
1349 946 1407 1038 uc

359 1073 421 1146 sed
449 1097 545 1163 cum,
572 1070 835 1170 impedimentis
861 1069 1076 1167 quibusdam
1098 1067 1262 1157 sublatis,
1289 1073 1409 1168 ingre-

359 1187 482 1260 diendi
506 1187 552 1260 ad
578 1188 674 1285 ipsos
698 1187 754 1258 via
781 1187 969 1284 patuisset,
995 1186 1155 1282 equitum
1178 1184 1412 1284 peditumque

358 1303 587 1376 multitudine
602 1303 720 1375 statim
734 1305 895 1401 oppressi
910 1304 1142 1400 exstinctique
1159 1303 1318 1390 luerunt,
1339 1305 1414 1402 plu·

358 1420 457 1492 ribus
486 1421 593 1492 etiam
625 1419 661 1490 in
697 1415 845 1492 llumine
876 1416 1068 1492 suffocatis.
1101 1419 1232 1491 Exiisac
1266 1415 1311 1491 de
1345 1446 1411 1518 op·

359 1534 446 1632 pido
475 1533 519 1606 ad
550 1533 710 1634 praelium
739 1532 944 1606 ferebantur
967 1533 1200 1631 quadraginta
1226 1533 1412 1606 milliari·

358 1673 503 1740 rorum3
530 1673 618 1723 caesa
640 1650 786 1722 veroin
808 1650 996 1749 eopraelio
1024 1673 1130 1748 supra
1157 1651 1278 1747 viginti
1304 1651 1413 1726 millia

360 1759 586 1857 serebantur,
620 1762 861 1840 adnumeratis
891 1764 933 1840 iis
966 1790 1057 1864 quos
1098 1793 1223 1865 gurges
1257 1769 1413 1842 fluminis

359 1880 548 1981 absorpsit.
569 1885 664 1954 Inter
683 1903 854 1954 casurum
870 1904 956 1955 vero
980 1881 1152 1956 cadavera
1175 1881 1309 1956 inventi
1331 1896 1414 1956 sunt

358 1998 513 2095 religiosi
550 2014 586 2072 et
625 1999 845 2090 sacerdotes,
882 2014 922 2070 ut
959 1995 1159 2093 serebatur,
1197 2023 1304 2100 supra
1339 1999 1414 2073 du-

358 2129 493 2186 centos.

407 2229 497 2302 Talis
524 2230 589 2303 luit
612 2256 691 2329 quae
713 2224 962 2303 Gaudensibus
983 2231 1131 2303 obvenit
1147 2243 1302 2306 extrema
1324 2231 1414 2306 cala·

360 2344 482 2436 mitas;
507 2367 586 2440 quae
610 2370 693 2417 cum
716 2343 839 2443 paucis
858 2336 1003 2416 senibus
1027 2335 1221 2444 plurimu'm
1237 2355 1344 2444 atquc
1360 2347 1414 2420 in·

358 2457 497 2551 validis,
512 2461 574 2555 qui
586 2461 622 2531 in
632 2459 768 2559 oppido
785 2476 1043 2549 remanserant,
1058 2475 1133 2532 turn
1150 2486 1172 2534 a
1186 2459 1411 2556 fugientibus,

359 2589 435 2646 turn
461 2598 483 2645 a
501 2573 735 2646 cadaveribus
759 2595 839 2668 quae
860 2595 980 2644 secum
1002 2573 1160 2646 fluminis
1177 2601 1301 2647 cursus
1317 2573 1412 2648 den-

359 2688 495 2762 sissima
513 2713 578 2790 per
594 2689 770 2788 oppidum
786 2688 975 2778 volvebat,
994 2689 1156 2763 nuntiata
1172 2689 1293 2762 suisset
1309 2747 1317 2780 ,
1336 2715 1410 2764 non

357 2818 480 2906 posset
505 2805 606 2878 facile
627 2801 698 2877 dici
721 2805 844 2901 quales
859 2805 1055 2904 quantique
1070 2803 1194 2899 fletus,
1214 2805 1364 2904 ejulatus
1378 2819 1412 2880 et

358 2921 514 2996 lamenta
531 2919 706 3021 oppidum
722 2935 840 2994 totum
856 2921 1115 3020 impleverunt,
1135 2951 1220 2998 cum
1236 2923 1333 2996 nulla
1350 2925 1413 2998 do·

359 3063 439 3110 mus
458 3060 559 3135 paene
575 3051 665 3110 esset
683 3061 761 3135 quae
779 3059 845 3136 pro
869 3037 1000 3111 amisso
1023 3053 1143 3140 patre,
1166 3038 1222 3112 vel
1246 3039 1337 3133 lilio,
1358 3033 1414 3114 vel

359 3153 510 3244 marito,
535 3146 591 3222 vel
617 3151 780 3250 proxima
803 3151 1222 3250 necessitudincjuncto,
1251 3156 1413 3256 plurimae

359 3291 445 3338 vero
468 3291 535 3365 pro
556 3262 696 3359 multis,
714 3264 899 3336 domestici
921 3265 1039 3338 luctus
1056 3270 1237 3339 materiam
1256 3293 1329 3340 non
1349 3264 1413 3344 lta-

358 3377 471 3454 beret.
499 3379 663 3454 Proiecto
693 3409 710 3448 u
727 3378 843 3451 luctus
875 3371 1031 3475 ubique,
1060 3403 1173 3480 pavor
1199 3392 1235 3455 et
1259 3381 1413 3482 plurima

361 3496 485 3570 mortis
503 3499 638 3594 imago,
661 3523 678 3562 u
696 3495 804 3567 totius
826 3486 950 3593 oppidi
977 3488 1124 3587 domos,
1151 3497 1286 3596 plateas
1307 3507 1413 3597 alque

360 3614 452 3687 aedes
462 3633 579 3687 sacras
591 3611 814 3710 repleverant
825 3603 946 3709 [adeo]
961 3607 1076 3707 quod,
1091 3611 1119 3682 si
1137 3613 1212 3712 ipse
1229 3611 1412 3712 princeps,

361 3731 478 3802 statim
494 3740 687 3827 postquam
704 3721 766 3797 tali
781 3723 928 3798 victoria
943 3723 1080 3824 potitus
1097 3722 1228 3820 luerat,
1249 3727 1413 3801 extermi-

360 3869 447 3918 nare
466 3845 583 3944 ipsum
612 3841 788 3941 oppidum
811 3839 1002 3933 voluisset,
1022 3863 1197 3942 suumque
1219 3843 1412 3916 exercitum

362 3960 408 4033 ad
424 3961 499 4058 ejus
512 3959 811 4060 expugnationem
824 3953 1052 4052 admovisset,
1071 3959 1206 4032 nullam
1220 3973 1294 4032 tum
1308 3984 1416 4062 pror-

362 4099 422 4149 sus
439 4075 671 4148 resistentiam
686 4070 888 4146 invenisset.

362 4385 437 4432 estre
446 4393 620 4454 recongneu,
636 4375 681 4434 fist
693 4395 727 4435 ce
737 4375 805 4449 jour
819 4385 878 4432 tant
891 4371 1016 4432 d’armes
1028 4385 1058 4433 et
1071 4385 1131 4431 tant
1144 4372 1181 4432 de
1195 4373 1346 4445 vaillance‚
1359 4391 1416 4451 que

362 4462 468 4522 sitelle
479 4475 620 4522 aventure
636 4466 721 4523 estoit
735 4461 870 4522 advenue
882 4464 899 4518 l
912 4480 973 4540 ung
987 4463 1102 4520 homme
1118 4460 1155 4520 de
1169 4460 1254 4533 bien,
1268 4465 1307 4520 nb
1320 4477 1377 4540 que
1387 4463 1418 4536 jc

363 4553 392 4611 le
412 4571 526 4611 sceussc
547 4568 691 4627 nominer,
707 4554 737 4625 jc
760 4549 983 4628 m'rcquiteroye
1004 4549 1041 4608 dc
1059 4561 1158 4628 porter
1173 4548 1305 4609 honneur
1323 4553 1339 4610 t
1363 4560 1417 4610 aott

363 4641 545 4702 hardement.
564 4667 578 4691 ι·
594 4645 761 4712 alensem,
775 4640 796 4701 l.
811 4644 841 4710 1,
855 4635 903 4694 cb.
918 4637 969 4697 28.
1075 4685 1078 4692 .
