3892 5892
522 874 580 932 122
809 866 1065 929 fflronttumt
1084 868 1220 928 CAROH
1238 872 1291 928 Vll

520 1006 557 1067 et
571 998 788 1067 Francorum
812 990 1053 1084 conabuntur3
1075 991 1139 1089 qui
1154 992 1288 1063 sesein
1311 1012 1425 1064 unum
1449 1012 1578 1089 agmen

520 1108 677 1181 validum
698 1106 921 1206 colligentes,
942 1105 1134 1180 deditionis
1157 1121 1193 1178 et
1212 1106 1468 1204 conjurationis
1491 1128 1579 1180 auc-

520 1234 614 1295 tores
635 1248 718 1297 cum
749 1223 821 1295 suis
846 1221 990 1319 aggredi
1012 1237 1050 1294 et
1069 1222 1237 1295 invadere
1257 1221 1510 1322 properabunt.
1532 1228 1578 1294 Et

519 1362 581 1411 cos
603 1336 738 1437 procul'
754 1339 867 1412 dubio
891 1324 1153 1426 exstinxissent,
1180 1339 1254 1410 nisi»
1272 1339 1319 1411 od
1335 1338 1452 1411 stetim
1467 1342 1577 1411 irun-

518 1478 646 1527 corum
675 1454 845 1527 militibus
876 1456 1034 1551 primum
1050 1478 1115 1553 per
1135 1476 1300 1549 murum,
1318 1453 1450 1527 deinde
1468 1455 1576 1531 enum

518 1595 583 1669 per
595 1571 898 1671 dictampnum,
913 1594 992 1669 quse
1004 1568 1213 1643 custodibus
1224 1571 1306 1643 licet
1321 1568 1439 1643 invitis
1454 1586 1577 1670 aperta

518 1686 601 1778 fuit,
617 1708 660 1761 ac
682 1688 790 1759 ctiam
811 1710 876 1785 per
892 1687 1040 1758 fluvium
1057 1686 1287 1779 intromissis,
1303 1687 1371 1786 ipsi
1383 1685 1430 1758 ud
1442 1686 1576 1759 subve-

518 1802 691 1875 niendum
715 1802 852 1875 civibus
870 1826 953 1875 cum
970 1824 1109 1875 summe
1125 1802 1307 1900 diligentie
1326 1803 1572 1874 accurrissent.

518 1918 577 1988 Eis
592 1918 689 1989 enim
705 1918 789 1989 visis
813 1917 957 2014 suisque
982 1916 1194 1991 militaribus
1219 1919 1326 2015 signis
1350 1917 1572 2016 conspectb,

518 2032 637 2105 stetim
650 2031 1035 2129 Angiicicumsuarum
1048 2031 1577 2132 partiumiuutoribusudbosti-

518 2146 602 2219 liam
616 2150 736 2221 Snncti
754 2150 917 2243 Antonii,
933 2148 1171 2253 firmissimam
1189 2172 1321 2241 arcem,
1341 2150 1407 2221 iter
1422 2150 1577 2246 erripue

517 2276 622 2351 runt;
648 2262 712 2336 ubi
738 2288 821 2337 cum
848 2266 970 2365 prucis
998 2266 1147 2338 fuissent
1170 2266 1297 2339 diebus
1325 2280 1362 2337 et
1388 2266 1577 2363 penuriam

519 2400 637 2453 rerum
652 2384 931 2456 necessariorum
958 2394 1182 2481 poterentur,
1205 2382 1291 2454 datu
1315 2382 1366 2453 eis
1389 2381 1576 2453 securitate

518 2498 671 2571 exeundi
688 2514 743 2590 et,
763 2522 837 2597 quo
853 2498 1070 2593 voluissent,
1087 2496 1358 2599 proficiscendi,
1370 2496 1462 2568 ercis
1477 2494 1576 2567 dedi-

519 2614 655 2689 tionem
671 2617 842 2688 iecerunt.

565 2732 705 2818 Quibus
731 2733 838 2803 etiam
864 2730 1007 2821 diebus,
1026 2744 1183 2803 castrum
1207 2728 1298 2803 iliud
1325 2729 1501 2801 fumosum
1529 2728 1577 2801 de

521 2846 741 2934 Vincentem,
760 2844 842 2915 urbi
870 2846 1050 2957 vicinum,
1069 2846 1213 2941 ingenio
1231 2850 1268 2919 ct
1291 2856 1368 2918 estu
1391 2844 1575 2941 cujusdem

399 3047 404 3059 ι
518 2958 681 3053 armigeri
695 2962 914 3031 Francorum
932 2962 996 3057 qui
1011 2958 1083 3032 illic
1099 2961 1260 3058 captivus
1270 2962 1386 3033 fueret
1395 2960 1572 3051 detentus,

515 3084 747 3170 captumst,
766 3090 801 3147 et
823 3100 887 3173 pcr
903 3076 1177 3174 partemipsius
1202 3077 1432 3149 munitiorem
1448 3089 1571 3165 noctu,

517 3186 618 3259 scutis
642 3201 677 3261 ct
703 3190 848 3263 ionibus
871 3192 1038 3283 admotis,
1056 3214 1292 3265 conscensum
1311 3194 1394 3264 est¹.
1413 3194 1501 3277 Qrue
1517 3212 1574 3262 res

517 3300 597 3373 urbi
614 3328 744 3403 magno
770 3307 919 3381 obvenit
943 3309 1152 3382 commodo.
1181 3308 1218 3380 si
1242 3309 1341 3381 enim
1356 3309 1394 3378 in
1415 3306 1573 3379 hostium

516 3442 626 3493 mnnu
643 3426 914 3521 permansisset,
933 3440 1081 3525 propter
1092 3428 1273 3522 ingentem
1287 3424 1360 3496 loci
1371 3422 1575 3495 firmitatem

515 3548 551 3608 et
561 3537 725 3613 viciniam
741 3541 855 3634 urbis,
870 3541 1083 3615 detrimenta
1094 3564 1224 3639 magna
1234 3540 1374 3614 civibus
1384 3538 1570 3612 intulisset.

557 3759 586 3815 t.
601 3752 819 3834 Lsiundigrrs‚
830 3758 919 3815 1436.
930 3758 971 3815 Le
981 3755 1101 3815 omrem
1115 3754 1321 3817 devinocnnes
1333 3754 1444 3834 iutpris
1456 3751 1574 3815 coesset

515 3864 587 3905 eveo
599 3844 685 3904 l'aide
701 3842 771 3903 d’un
788 3843 951 3923 prisonnier
964 3846 1087 3923 franceis
1100 3845 1208 3907 detenu
1225 3846 1295 3905 dans
1315 3846 1345 3905 ie
1361 3846 1486 3921 donjon,
1500 3844 1573 3903 meis

515 3946 629 3993 surtout
640 3954 693 4013 pur
705 3932 734 3991 ie
752 3950 819 3990 ruse
834 3930 904 3991 d'un
916 3918 1047 3992 Eoossais
1060 3933 1110 4011 qui
1121 3934 1215 3996 s'c'stuit
1227 3932 1366 3994 introduit
1379 3934 1450 3994 dens
1463 3932 1491 3991 le
1504 3952 1573 4013 gar·

516 4023 598 4081 nison
613 4042 725 4081 comme
736 4020 854 4101 Angiais
869 4034 898 4081 et
910 4023 961 4100 qui
973 4024 1005 4080 fit
1017 4037 1131 4083 montcr
1143 4024 1185 4083 les
1198 4045 1269 4105 gens
1277 4024 1402 4085 d’armes
1415 4022 1573 4083 tt’schslte

514 4110 641 4190 pendent
664 4110 735 4191 qu’il
757 4110 826 4169 emit
844 4128 882 4169 eu
906 4111 1011 4171 iecfiuu
1024 4132 1076 4173 sur
1088 4111 1130 4171 les
1142 4131 1231 4186 mors,
1250 4114 1404 4193 &ronique
1417 4116 1455 4173 de
1468 4116 1569 4185 um,

515 4201 586 4261 dans
598 4203 757 4280 docebor,
774 4221 805 4282 p.
820 4202 889 4261 ³9³.
