3892 5892
704 838 1035 933 ninansncunnus.
1365 876 1405 933 eu

347 995 632 1097 tibusexpeditas
645 995 839 1069 multorum
851 995 1002 1067 millium
1015 996 1178 1093 equitum
1190 1019 1232 1067 ac
1243 994 1405 1094 peditum

347 1114 461 1201 acies,
481 1138 638 1212 quorum
655 1113 923 1211 comparatione
941 1113 1075 1185 nullius
1095 1136 1196 1211 paene
1211 1114 1407 1211 reputatio·

349 1230 404 1301 nis
420 1253 496 1302 esse
513 1228 741 1319 videbantur,
761 1252 803 1300 ex
820 1227 892 1299 suis
914 1227 1078 1300 curribus
1097 1243 1132 1300 et
1146 1227 1317 1301 vehiculis
1334 1253 1409 1301 cas·

348 1357 403 1416 tra
425 1342 514 1433 sibi,
533 1357 659 1415 contra
676 1344 850 1443 impetum
876 1346 1096 1414 Francorum
1117 1343 1278 1439 equitum
1302 1356 1409 1439 atque

349 1460 511 1559 peditum
531 1459 644 1545 acies,
666 1459 749 1530 satis
772 1456 924 1557 provide
950 1456 1112 1529 lecemnt
1138 1472 1244 1555 atque
1271 1460 1411 1531 munie-

350 1589 455 1665 runt,
475 1574 572 1647 etad
590 1572 842 1675 excipiendum
855 1573 977 1645 hostes
987 1597 1092 1646 arcus
1103 1586 1139 1645 et
1150 1575 1293 1669 sagittas
1304 1590 1412 1674 atque

350 1715 448 1766 arma
465 1702 767 1789 praeparaverunt.
785 1692 868 1777 Quo
885 1688 1001 1775 sacto,
1018 1713 1102 1763 cum
1117 1692 1261 1763 concito
1277 1692 1412 1791 impetu

352 1806 495 1905 agmina
508 1810 728 1879 Francorum
748 1806 910 1903 equitum
932 1819 1049 1879 castra
1068 1805 1264 1905 anglorum
1282 1809 1414 1883 irrum-

352 1946 437 2023 pere
453 1938 488 1997 et
502 1923 548 1999 ad
561 1948 623 1996 eos
639 1920 899 2023 proterendum
913 1921 1029 1993 contis
1041 1936 1076 1993 et
1085 1922 1218 1995 lanceis
1229 1940 1415 2023 penetrare

354 2042 437 2113 totis
466 2038 600 2113 viribus
633 2038 918 2127 contenderent,
946 2062 966 2109 e
990 2037 1132 2141 diverso
1156 2040 1259 2136 angli
1283 2042 1416 2115 vallum

354 2181 459 2229 suum
471 2155 676 2245 defendere,
697 2178 801 2227 arcus
820 2154 936 2226 valide
958 2152 1170 2243 extendere,
1186 2155 1304 2251 jacula
1319 2158 1418 2230 velut

355 2272 487 2345 densos
503 2270 635 2344 imbres
651 2271 809 2359 mittere,
827 2296 940 2369 equos
956 2270 1116 2342 bostium
1128 2271 1333 2365 vulnerare,
1349 2300 1419 2350 ses·

355 2412 454 2461 sores
470 2388 597 2484 ejicere
613 2411 677 2477 ac,
702 2411 766 2485 per
781 2385 873 2475 hoc,
893 2386 1068 2484 impetum
1090 2385 1248 2459 hostium
1270 2389 1419 2463 viriliter

357 2504 555 2604 propellere
572 2501 776 2574 studebant.
794 2500 901 2589 Quod
920 2525 1004 2573 cum
1018 2500 1068 2573 ita
1088 2500 1188 2576 lieret
1201 2517 1237 2576 et
1254 2505 1356 2577 multi
1374 2532 1418 2579 err

358 2624 576 2692 Francorum
602 2616 780 2715 equitibus
806 2616 995 2703 caderent,
1020 2641 1145 2689 eorum
1170 2620 1419 2695 corruentibus

357 2735 457 2831 equis
480 2734 686 2831 sagittarum
721 2729 849 2805 ictibus
873 2730 1051 2804 lethaliter
1079 2734 1267 2829 sauciatis,
1298 2736 1419 2811 multis

358 2849 465 2922 etiam
482 2872 523 2919 ex
547 2872 674 2921 eorum
691 2846 871 2946 peditibus
893 2848 1039 2921 levioris
1056 2864 1243 2923 armatura
1258 2850 1418 2926 similiter

358 2964 585 3054 cadentibus,
599 2964 750 3039 turbatis
766 2979 801 3037 et
817 2964 976 3045 confusis
992 2991 1120 3039 eorum
1136 2966 1337 3060 ordinibus,
1350 2971 1419 3069 ipsi

359 3081 484 3153 Franci
514 3094 611 3175 terga
637 3091 833 3151 verterunt.
864 3083 1029 3168 Quorum
1050 3080 1219 3153 ductores
1246 3086 1420 3159 exercitus
1501 3073 1505 3081 ⁴

360 3212 446 3269 tunc
467 3196 539 3269 dux
566 3194 756 3268 Borbonii¹
774 3207 809 3265 et
831 3193 980 3267 Carolus
1002 3194 1048 3267 de
1075 3197 1316 3295 ludegavia¹,
1334 3227 1418 3273 cum

360 3312 524 3413 pluribus
541 3314 633 3408 regis
651 3308 863 3409 capitaneis,
885 3308 991 3381 luisse
1009 3309 1225 3384 ferebantur.

411 3432 645 3527 Erumpentes
677 3449 763 3497 vero
788 3424 904 3496 esuis
930 3422 1133 3497 currulibus
1164 3428 1286 3501 castris
1313 3442 1420 3528 atque

362 3544 456 3617 vallo
484 3543 587 3641 Angli
618 3544 713 3614 etin
742 3540 863 3613 hostes
896 3562 1028 3639 magno
1054 3540 1191 3643 impetu
1222 3544 1418 3641 irruentes,

363 3660 497 3733 multos
520 3684 561 3731 er
588 3658 672 3758 ipsis
695 3655 927 3745 ceciderunt,
947 3671 980 3729 et
999 3681 1065 3755 pro
1088 3671 1250 3757 tempore
1274 3662 1423 3735 victoria

364 3778 447 3850 satis
463 3776 614 3849 honesta
631 3774 755 3877 potiti,
773 3772 820 3846 ad
840 3788 952 3845 castra
980 3798 1091 3871 usque
1113 3801 1262 3849 snorum
1287 3778 1423 3851 circum

367 3894 654 3967 aurelianensem
671 3891 818 3985 urbem,
836 3916 920 3963 eum
938 3892 1011 3963 suis
1025 3892 1189 3967 curribus
1206 3910 1243 3968 et
1261 3920 1422 3989 annona,

279 4010 285 4023 ’
366 4023 401 4081 et
418 4034 492 4081 non
515 4006 781 4080 contemnenda
807 4030 848 4079 ex
873 4004 1038 4079 hostibus
1058 4006 1179 4107 praeda
1211 4008 1422 4107 gaudentes,

368 4126 640 4227 pervenerunt'.

411 4352 440 4409 l.
463 4350 501 4409 Ge
513 4346 611 4407 n’dtait
631 4366 682 4427 pas
704 4346 732 4407 le
750 4346 806 4406 duc
824 4344 861 4405 de
878 4342 1035 4417 Bourbon,
1050 4344 1128 4406 alors
1139 4345 1304 4427 prisonnier
1318 4368 1356 4410 en
1369 4356 1431 4411 Au·

371 4437 506 4517 platone,
521 4436 593 4495 mais
605 4434 633 4493 le
650 4433 694 4493 llls
707 4434 744 4494 de
756 4452 790 4493 co
801 4432 866 4493 due.

411 4532 441 4591 2.
463 4528 581 4589 charles
594 4526 731 4599 d’Aniou,
745 4524 911 4585 beau-frere
922 4523 960 4582 du
976 4523 1030 4581 roi.

414 4622 445 4681 3.
465 4622 506 4677 Le
522 4618 559 4673 ta
574 4614 680 4673 [ἐπίοι
692 4616 782 4675 llil.

454 4735 467 4773 1
