3892 5892
735 875 844 933 mett
867 875 1017 936 emittis

711 1105 968 1176 ctettttttttt
993 1107 1036 1174 ll.

343 1299 449 1366 Quilrus
465 1317 498 1351 ex
509 1299 594 1352 musis
607 1297 700 1353 odium
713 1298 809 1352 exarsit
821 1297 891 1351 inter
901 1296 1045 1362 loannem,
1060 1293 1157 1350 ducem
1167 1294 1405 1369 Burgundionum,

678 1403 705 1446 et
716 1388 945 1446 Aurelianenrium
956 1387 1062 1444 ducem.

391 1557 494 1627 Pater
505 1552 581 1650 ejus
590 1553 741 1626 Carolus
748 1557 814 1645 vt,
828 1577 893 1652 per
903 1573 1020 1624 annos
1032 1551 1206 1651 plurimos
1214 1567 1405 1650 antequam

343 1671 510 1766 migraret
532 1694 552 1740 c
574 1669 721 1762 sacculo,
746 1694 808 1740 seu
831 1667 979 1765 alicujus
1004 1666 1168 1740 veneficii
1192 1691 1321 1765 opera,
1344 1693 1406 1740 seu

342 1784 513 1856 naturalis
527 1783 630 1884 lapsu
646 1783 922 1882 complexionis,
938 1783 975 1854 in
990 1782 1148 1856 lurorem
1165 1797 1273 1880 atque
1287 1807 1408 1855 amen·

342 1898 429 1970 tiam
444 1923 567 1972 versus
582 1914 652 1991 est,
668 1899 752 1971 licet
767 1897 887 1972 lucida
899 1896 1050 1970 haberet
1065 1899 1191 1997 saepius
1207 1897 1403 1972 intervallo.

342 2014 452 2110 Cujus
481 2014 668 2087 infortunii
692 2015 899 2105 occasione,
921 2014 1015 2085 inter
1040 2013 1141 2110 regni
1167 2013 1347 2112 principes
1372 2029 1408 2087 et

343 2131 519 2230 praecipue
531 2132 625 2202 inter
640 2130 772 2203 ducem
789 2129 1096 2220 Aurelianensem,
1110 2128 1272 2226 ejusdem
1288 2130 1405 2203 Caroli

342 2244 434 2340 regis
444 2269 666 2341 germanum,
682 2256 717 2314 et
732 2247 928 2333 loannem,
941 2243 1239 2341 Burgundionum
1255 2242 1403 2337 ducem,

343 2357 486 2430 invidiae
514 2383 582 2457 pro
612 2358 711 2455 regni
742 2358 1073 2450 administratione,
1097 2357 1145 2431 ad
1175 2381 1286 2456 quarn
1316 2357 1407 2455 regis

344 2475 601 2564 amentiaeum
616 2472 780 2545 inutilem
802 2487 837 2545 et
857 2475 1032 2572 impotem
1049 2472 1272 2561 reddiderat,
1291 2497 1406 2546 aemu-

342 2587 494 2662 lationes
509 2603 546 2661 et
562 2590 813 2662 contentiones
828 2588 966 2661 obortae
984 2604 1087 2680 sunt,
1103 2588 1192 2660 dum
1208 2587 1355 2686 quilibet
1370 2615 1408 2662 se

343 2705 443 2776 alteri
459 2705 496 2776 in
514 2705 605 2796 hoc,
623 2704 831 2778 ambitionis
848 2720 885 2778 et
902 2703 1098 2779 utilitatum
1112 2689 1260 2777 suarum
1276 2706 1406 2802 gratim

341 2820 601 2918 praeferendum
633 2846 709 2894 esse
737 2823 969 2912 existimaret,
1000 2821 1155 2895 habente
1187 2846 1407 2920 unoquoque

342 2937 472 3010 multos
494 2952 727 3011 assectatores
747 2951 783 3010 et
808 2939 964 3036 partium
983 2961 1128 3011 suarum
1153 2937 1346 3011 studiosos.
1365 2942 1405 3010 ln

341 3066 482 3125 tantum
498 3055 595 3126 enim
612 3053 747 3126 malum
764 3052 854 3126 illud
867 3054 1037 3145 invaluit,
1053 3067 1089 3126 et
1102 3053 1195 3126 laces
1211 3051 1285 3124 odii
1299 3068 1406 3152 atque

341 3170 608 3244 inimicitiarum
629 3170 723 3243 adeo
746 3167 929 3260 accendit,
951 3183 992 3240 ut
1013 3182 1221 3268 procuraret
1243 3168 1407 3268 praelatus

342 3271 514 3374 loannes,
534 3285 831 3383 Burgundionum
856 3281 953 3372 dux,
971 3283 1027 3355 vir
1051 3285 1174 3382 utique
1200 3283 1345 3380 gloriosi
1371 3301 1407 3360 et

342 3398 471 3472 excelsi
488 3401 615 3490 enimi,
630 3401 768 3473 dictum
786 3398 1093 3471 Amelianensium
1112 3399 1243 3472 ducem
1259 3401 1297 3471 in
1315 3400 1406 3473 urbe

344 3515 560 3588 Parisiorum
573 3517 749 3604 interimi,
764 3540 849 3588 cum
860 3539 979 3588 annus
988 3515 1177 3588 dominicae
1192 3516 1310 3614 gratiae
1324 3540 1405 3588 cnr·

342 3646 437 3704 reret
451 3654 663 3705 mccccvrt.

391 3748 505 3846 liujus
515 3761 636 3821 autem
650 3746 937 3845 interemptionis
946 3761 982 3818 et
1000 3743 1098 3818 adid
1112 3769 1225 3844 usque
1241 3745 1406 3818 immani·

343 3863 423 3938 tatis
438 3861 616 3964 progressi
640 3861 714 3933 odii
731 3861 838 3934 aliam
853 3862 961 3934 etiam
978 3885 1123 3934 causam
1142 3860 1268 3950 luisse,
1285 3883 1307 3932 a
1322 3860 1405 3932 viris

343 3978 492 4077 magnis,
504 3975 783 4078 hujusce[m0di]
795 4001 916 4049 rerum
924 3975 1160 4050 verisimiliter
1171 4000 1245 4048 non
1257 3975 1401 4073 ignaris,

344 4094 450 4167 talem
464 4095 680 4193 accepimus.

392 4213 483 4282 Cum
498 4211 595 4282 enim
616 4209 766 4282 haberet
780 4209 878 4282 idem
893 4205 1191 4306 burgundionum
1206 4201 1281 4279 dux
1296 4231 1403 4306 gene·

344 4324 559 4397 rosissimam
584 4325 771 4399 dominam
794 4327 832 4398 in
853 4326 1064 4422 conjugem,
1090 4321 1199 4395 filiam
1218 4323 1324 4394 unius
1339 4323 1404 4396 du·

343 4464 428 4512 cum
445 4439 628 4532 Bavariae¹,
643 4439 774 4514 decore
797 4454 833 4512 et
854 4439 1035 4538 elegantiae
1060 4438 1174 4511 forma
1188 4439 1402 4538 speciosissi-

385 4605 415 4664 l.
438 4601 613 4685 Bnrguerite
625 4601 663 4662 de
676 4603 809 4679 Baridre,
819 4603 879 4665 lille
890 4601 931 4664 du
942 4604 999 4663 duc
1010 4601 1121 4664 Albert.
