3892 5892
499 908 560 965 toa
786 902 1045 963 fflstotttaatttt
1064 903 1201 965 canon
1220 906 1274 962 vn

497 1029 599 1120 dum,
613 1029 768 1103 emensis
777 1052 879 1128 paene
889 1028 1086 1105 octoannis
1098 1027 1157 1101 rel
1168 1028 1426 1127 novem,ipsos
1439 1028 1563 1108 fecisse

496 1158 647 1217 constat.
664 1142 735 1219 Sed
758 1144 920 1244 pmlecto
935 1144 971 1218 in
991 1143 1116 1218 militia
1135 1144 1291 1217 Francia
1311 1143 1431 1217 nullus
1453 1146 1561 1247 ordo,

497 1260 596 1335 nulla
623 1260 833 1361 dispositio,
854 1259 953 1335 nulla
978 1259 1169 1359 disciplina
1192 1260 1394 1333 secundum
1422 1262 1563 1335 institu-

497 1378 614 1451 tiones
638 1393 674 1453 et
697 1392 874 1478 praecepta
899 1380 951 1451 rei
980 1377 1142 1451 militaris
1169 1368 1418 1465 servabantur,
1446 1404 1564 1477 neque

496 1492 564 1567 suh
579 1518 732 1568 numero
750 1508 787 1566 et
801 1493 981 1592 stipendio
997 1491 1151 1591 regulari
1166 1491 1401 1582 tenebantur;
1418 1494 1483 1567 sed
1499 1518 1565 1594 per

497 1610 642 1705 turbas,
663 1608 731 1683 sub
755 1609 798 1683 iis
819 1632 911 1707 quos
936 1608 1005 1683 sibi
1025 1624 1273 1709 proponerent
1289 1606 1420 1702 duces,
1437 1632 1563 1709 perra·

497 1740 620 1821 gantes
636 1748 764 1799 omnes
786 1749 889 1823 paene
908 1738 1028 1825 partes
1049 1740 1086 1799 et
1109 1725 1314 1824 provincias
1339 1724 1475 1813 Gabia,
1506 1749 1563 1800 ra·

497 1843 635 1941 pientes
652 1866 889 1941 quaecumque
911 1840 1093 1936 libuisset,
1113 1856 1149 1913 et
1164 1840 1265 1915 villos
1285 1855 1395 1939 atque
1413 1834 1560 1942 oppida,

497 1982 577 2055 quae
592 1971 719 2033 contra
734 1983 840 2031 suum
864 1960 1041 2057 impetum
1067 1984 1106 2031 so
1128 1959 1220 2031 tueri
1236 1959 1385 2031 minime
1401 1974 1561 2058 possent,

496 2073 690 2171 spoliantes
706 2098 748 2149 ao
762 2074 985 2177 diripientes,
998 2098 1020 2148 a
1036 2072 1139 2147 nullo
1150 2098 1190 2147 se
1205 2098 1335 2170 genere
1351 2074 1564 2171 injuriamm

496 2188 737 2263 abstinebant.
772 2196 824 2266 Ex
856 2218 929 2293 quo
959 2191 1117 2290 plurima
1144 2190 1289 2263 vastitas
1322 2204 1358 2263 et
1388 2189 1564 2265 desolatio

497 2307 535 2377 in
572 2330 685 2402 regno
730 2332 794 2407 per
833 2334 961 2385 omnes
999 2307 1110 2407 ipsius
1146 2318 1264 2405 partes
1301 2322 1561 2405 provenerunt.

497 2423 651 2495 Maxime
674 2438 794 2497 autem
822 2427 985 2499 animum
1008 2420 1245 2497 intendebant
1271 2435 1384 2497 terras
1411 2439 1561 2512 vastare,

499 2562 579 2635 quae
598 2539 666 2612 sub
690 2540 887 2640 Anglorum
913 2540 1052 2614 ditione
1075 2539 1336 2631 consisteren13
1363 2554 1441 2613 orat
1468 2542 1566 2615 enim

498 2656 623 2730 tritum
638 2671 724 2731 tunc
743 2659 928 2739 communi
944 2679 1113 2729 sermone
1128 2654 1424 2760 proverbiumpd
1439 2658 1563 2755 ipsos,

503 2798 521 2837 c
542 2772 669 2844 melius
686 2786 817 2845 terram
840 2771 958 2844 valere
979 2786 1167 2861 vastatam,
1184 2794 1296 2869 quam
1316 2772 1525 2871 perditam-¹,
1545 2804 1565 2842 s

473 2910 580 2959 eoam
615 2886 834 2985 appellantes
865 2887 1046 2986 perditam
1078 2909 1188 2983 quam
1223 2886 1346 2961 hostes
1372 2888 1563 2983 tenebant,

500 3000 675 3100 quamdiu
699 3002 768 3074 sub
798 3028 926 3075 eorum
953 3017 1129 3101 potestate
1156 3019 1330 3077 maneret.
1353 3009 1446 3077 Cum
1477 3031 1566 3082 vero

500 3117 608 3189 etiam
633 3116 786 3214 Anglioi,
805 3119 983 3219 praecipue
1002 3132 1086 3219 post
1108 3116 1250 3191 obitum
1275 3118 1377 3193 ducis
1402 3121 1566 3196 bethsor-

502 3232 600 3324 diae¹,
620 3234 657 3305 in
681 3236 784 3308 terris
811 3260 890 3334 quae
907 3236 973 3309 sibi
991 3251 1169 3336 parerent,
1190 3261 1267 3309 non
1294 3236 1513 3314 dissimiliter
1527 3242 1565 3313 io

502 3348 653 3446 praedis,
680 3352 815 3452 rapinis
842 3367 878 3425 et
903 3352 1061 3427 caedibus
1080 3377 1123 3425 se
1150 3348 1347 3444 baberent,
1374 3357 1567 3455 populares

461 3536 464 3544 .
502 3490 587 3541 rura
599 3468 797 3543 incolentes
812 3471 1060 3546 miserabiliter
1075 3476 1333 3574 opprimentes,
1352 3474 1488 3548 incolas
1503 3498 1567 3576 pa·

505 3585 579 3659 triae
595 3611 719 3660 exesos
733 3588 941 3663 mirabiliter
956 3588 1193 3664 reddiderunt
1208 3606 1244 3665 et
1259 3592 1465 3665 elicuerunt.

545 3852 575 3911 l.
598 3852 643 3909 En
654 3848 776 3927 franpais
791 3872 798 3907 ε
815 3876 829 3905 ι
848 3862 925 3910 terre
945 3848 1043 3931 gestie
1055 3850 1136 3911 vault
1149 3853 1258 3914 mieulx
1271 3872 1330 3933 que
1342 3852 1463 3934 perduc.
1482 3876 1497 3906 ι·

506 3944 675 4092 d’Zimbslort
684 3942 712 4003 le
722 3938 931 4021 l3septembre
942 3945 1021 4001 stas
1035 3942 1075 4001 du
1087 3942 1208 4023 chagrin
1217 3964 1275 4023 que
1288 3943 1330 4003 lui
1344 3962 1431 4004 causa
1443 3943 1472 4003 le
1484 3942 1569 4003 traitl
