3892 5892
489 968 546 1027 tot
775 964 1033 1047 mstotttltwtt
1052 964 1190 1025 canon
1209 968 1263 1025 vlt

538 1093 582 1161 Et
606 1089 752 1189 quidem
774 1090 950 1189 primum,
965 1090 1067 1187 juxta
1081 1088 1204 1165 villam
1221 1090 1417 1189 quamdam
1437 1114 1552 1189 prope

491 1206 750 1279 monasterium
770 1206 890 1277 Sancti
914 1206 1007 1277 Petri
1029 1229 1138 1304 supra
1159 1207 1288 1279 Divam
1299 1210 1322 1297 ¹,
1350 1207 1386 1277 in
1402 1205 1554 1298 ‚diecesi

491 1322 662 1421 sagiensi,
678 1322 746 1421 ipsi
764 1320 898 1419 Anglici
913 1320 1053 1393 collecti
1066 1322 1206 1393 circiter
1220 1322 1370 1394 trecenti
1386 1336 1448 1393 aut
1464 1345 1553 1419 qua·

492 1438 671 1537 dringenti
694 1437 831 1537 equites
854 1436 922 1511 sub
940 1438 1103 1537 quodam
1128 1440 1240 1538 impio
1265 1441 1466 1538 capitaneo,
1492 1439 1553 1511 cui

491 1578 695 1652 cognomen
719 1568 795 1626 erat
821 1552 1030 1647 Venables²,
1057 1554 1310 1627 nefandissima
1334 1554 1487 1627 lectione
1514 1568 1553 1627 ut

492 1670 670 1771 populum
685 1694 854 1766 agrorum
872 1684 907 1741 et
923 1670 1086 1743 villarum
1103 1670 1139 1740 in
1157 1694 1270 1741 nuum
1285 1669 1408 1741 locum
1421 1670 1501 1768 cogi
1517 1684 1554 1741 et

491 1786 701 1885 congregari
719 1786 886 1877 tacerent,
907 1786 1073 1857 consulto
1092 1786 1266 1857 miserunt
1283 1786 1478 1858 duodecim
1492 1800 1555 1857 aut

492 1902 767 2003 quatuordecim
783 1900 830 1973 de
846 1901 931 1993 suis,
948 1902 1011 1999 qui
1022 1900 1114 1973 duos
1126 1914 1189 1973 aut
1205 1916 1277 1972 tres
1291 1902 1444 1973 rusticos
1463 1901 1555 1973 illius

493 2020 596 2114 villae,
612 2044 705 2118 quos
722 2017 848 2091 obvios
864 2018 1089 2109 habuerunt,
1109 2016 1298 2089 crudeliter
1316 2017 1552 2091 trucidarunt.

494 2138 603 2233 Cujus
619 2134 793 2209 horrendi
807 2135 947 2206 sceleris
963 2158 1047 2210 cum
1066 2134 1276 2206 cucurrisset
1293 2133 1385 2205 lama
1400 2159 1466 2233 per
1480 2159 1557 2206 om·

494 2276 559 2323 nes
582 2251 682 2337 villas
699 2252 847 2341 vicinas,
869 2264 905 2323 et
920 2248 989 2322 sibi
1009 2250 1161 2347 quisque
1173 2274 1249 2321 non
1265 2247 1401 2347 absque
1417 2250 1564 2323 ratione

496 2368 636 2441 timeret
652 2391 699 2439 ne
721 2368 883 2439 similiter
908 2380 1101 2465 pateretur,
1120 2364 1167 2436 ad
1182 2365 1342 2436 sonitum
1357 2388 1557 2463 campane·

496 2507 576 2556 rum
599 2480 645 2555 de
663 2482 754 2580 agris
770 2496 806 2553 et
821 2479 912 2553 villis
932 2478 1266 2577 circumjacentibus
1283 2504 1413 2577 magne
1435 2478 1556 2550 multi-

495 2597 586 2672 tudo
602 2598 729 2699 populi
745 2598 792 2671 ad
803 2623 917 2670 unum
934 2622 972 2668 se
984 2596 1105 2668 locum
1120 2610 1394 2693 congregarunt,
1409 2619 1558 2693 operam

497 2714 616 2787 daturi
630 2729 670 2787 ut
682 2715 828 2787 sicarios
845 2714 923 2785 illos
934 2710 1210 2784 nefandissimos
1225 2710 1555 2811 apprehenderent,

496 2830 527 2901 si
557 2844 722 2927 possent,
754 2843 791 2900 et
827 2826 874 2899 de
899 2826 987 2926 ipsis
1016 2826 1063 2899 ad
1090 2826 1229 2923 judices
1254 2828 1371 2925 regios
1394 2826 1558 2900 adductis

498 2966 623 3041 poenas
639 2941 777 3017 debitas
793 2945 1053 3040 reposcerent⁸.
1086 2943 1196 3030 Quod
1223 2968 1307 3015 cum
1336 2942 1386 3016 illi
1414 2941 1558 3015 nefandi

496 3055 681 3129 carnifices
697 3056 850 3146 circiter,
869 3072 910 3129 ut
935 3056 1108 3143 diximus,
1130 3059 1279 3131 trecenti
1302 3057 1361 3130 vel
1386 3056 1558 3155 quadrin-

498 3172 594 3271 genti
619 3162 756 3269 equites
773 3174 899 3245 armati
925 3174 1108 3266 viderent,
1127 3175 1244 3272 quiin
1268 3174 1405 3247 insidiis
1421 3172 1472 3247 ob
1488 3173 1560 3245 hoc

497 3289 655 3362 studiose
681 3288 885 3384 latitabant,
905 3290 1025 3364 subito
1047 3292 1084 3363 in
1110 3291 1191 3364 illos
1215 3316 1391 3391 pauperes
1408 3291 1561 3363 rusticos

498 3404 681 3507 pedestres
696 3404 732 3477 in
755 3404 836 3479 latis
858 3430 900 3480 ac
917 3404 1124 3507 patentibus
1144 3408 1281 3506 campis
1297 3430 1382 3479 curn
1408 3406 1561 3504 ingentis

536 3666 565 3723 l.
589 3660 961 3721 seint-Pierre·sur·Dive.

535 3756 566 3813 ἱ.
590 3752 691 3812 C'e'tait
704 3770 745 3811 un
756 3750 883 3829 partisan
896 3768 953 3827 que
966 3752 1039 3809 Jenn
1052 3747 1184 3809 Chartier
1199 3747 1344 3829 temoigne
1356 3752 1441 3812 avoir
1449 3755 1561 3833 occupe

496 3840 629 3919 l'nbbaye
643 3841 679 3900 de
694 3840 821 3919 savigny
839 3837 967 3917 pendant
983 3836 1128 3915 plusieurs
1147 3838 1220 3897 mois
1240 3858 1279 3899 en
1300 3843 1379 3902 1⁴3³
1394 3856 1422 3902 et
1443 3846 1561 3922 yevoir

495 3945 619 3992 soutenu
632 3950 703 3990 avec
713 3930 813 3989 succes
821 3948 862 3987 un
871 3926 949 4006 siege
962 3928 1127 4008 vigoureux
1135 3943 1235 3990 contre
1247 3930 1289 3990 les
1305 3931 1397 3993 forces
1406 3932 1445 3994 du
1453 3933 1512 3995 sire
1523 3934 1561 3995 de

496 4021 597 4081 Level.
619 4024 699 4080 Dans
713 4018 872 4096 Godelroy,
885 4038 916 4096 p.
933 4020 981 4078 67.

537 4114 567 4169 3.
594 4137 606 4161 ι
623 4114 668 4169 En
679 4130 712 4168 oe
726 4122 820 4189 temps
834 4109 936 4182 (1433)
955 4106 1143 4168 s'eslererent
1157 4122 1186 4168 et
1204 4109 1310 4170 mirent
1324 4131 1373 4171 sus
1386 4130 1452 4171 vers
1469 4115 1559 4189 eren,

494 4199 604 4259 Baieux
619 4210 648 4257 et
659 4197 777 4258 ailleurs
792 4216 829 4255 en
842 4193 966 4254 labasse
980 4195 1280 4267 Normendie,contre
1297 4198 1339 4259 les
1349 4202 1481 4281 Anglois,
1497 4214 1562 4262 tout

495 4284 524 4346 le
538 4288 645 4367 penple
661 4300 690 4347 et
710 4304 847 4346 commun
865 4285 904 4343 du
927 4304 1012 4364 pays,
1031 4304 1088 4365 que
1102 4284 1201 4347 lesdits
1213 4287 1333 4369 Anglais
1348 4291 1466 4349 evoient
1478 4310 1563 4351 cons·

495 4376 600 4435 trainct
618 4376 654 4435 de
665 4376 786 4436 s’armer
795 4394 869 4456 pour
880 4374 996 4434 resistet
1008 4394 1080 4435 avec
1093 4374 1161 4434 eulx
1174 4388 1273 4437 contre
1282 4377 1310 4438 le
1318 4399 1373 4457 roy
1386 4392 1415 4439 et
1426 4380 1513 4439 ceulx
1523 4380 1561 4438 de

496 4482 549 4523 son
563 4479 659 4543 party.
685 4492 697 4519 a
730 4470 804 4525 leun
825 4467 965 4541 crantor,
992 4462 1064 4523 dans
1080 4462 1247 4543 Godelroy,
1270 4486 1302 4544 p.
1323 4468 1372 4525 65.
1395 4466 1562 4528 Monstrelet

497 4552 598 4627 rejette
622 4566 697 4616 cette
712 4555 790 4637 prise
810 4554 954 4629 d’armes,
979 4552 1051 4615 dont
1070 4554 1091 4614 il
1107 4558 1156 4615 n’e
1173 4574 1226 4635 pes
1240 4556 1366 4638 compris
1387 4560 1415 4617 le
1434 4576 1521 4629 rens,
1543 4560 1560 4617 a

495 4640 553 4701 l’an
569 4645 658 4703 stus.
