3892 5892
511 934 549 992 oa
731 910 737 923 “
793 936 1050 995 unronunuu·
1069 936 1205 996 canon
1225 939 1279 995 vn

560 1059 631 1131 Sed
640 1083 715 1133 non
728 1084 773 1132 eo
788 1061 907 1132 minus
923 1059 1156 1133 adventantes
1170 1062 1318 1155 Anglici‚
1337 1061 1430 1135 duce
1442 1085 1570 1135 eorum

511 1177 642 1249 comite
657 1176 898 1250 Salisberiensi
907 1182 929 1270 ¹,
949 1177 1095 1273 majoris
1113 1201 1154 1249 ac
1176 1178 1363 1276 praecipuae
1379 1175 1479 1251 tunc'
1493 1180 1571 1278 opi-

511 1293 629 1363 nionis
646 1293 682 1363 in
700 1292 806 1364 rebus
822 1292 958 1363 bellicis
973 1291 1066 1363 inter
1083 1290 1278 1389 Anglorum
1295 1290 1426 1384 duces,
1446 1306 1572 1366 contra

511 1408 688 1480 civitatem
704 1423 817 1481 castra
833 1408 968 1498 metati,
986 1408 1150 1510 eamdem
1162 1408 1351 1482 obsidione
1365 1412 1567 1483 cinxerunt.

512 1522 672 1597 Habebat
697 1524 793 1597 idem
821 1532 942 1597 comes
963 1538 1050 1597 tunc
1077 1512 1331 1598 ialidissimum
1354 1529 1568 1619 exercitum,

511 1666 619 1739 quem
647 1642 787 1713 noviter
813 1667 856 1713 ex
879 1641 1003 1739 Anglia
1020 1633 1266 1741 [adduxerat]‚
1294 1643 1473 1742 adjunctis
1501 1642 1571 1717 sibi

512 1758 773 1854 contractisque
787 1758 899 1855 copiis
913 1781 953 1830 ex
975 1757 1152 1831 veteribus
1166 1757 1318 1855 Anglicis
1338 1761 1401 1857 qui
1420 1760 1483 1832 diu
1495 1760 1571 1857 jam

511 1874 547 1943 in
562 1873 674 1944 Gallia
688 1872 939 1945 militaverant.
959 1872 1030 1945 Sed
1042 1898 1126 1945 cum
1140 1899 1184 1945 ex
1200 1898 1242 1946 ea
1256 1887 1398 1946 tantum
1414 1875 1571 1947 fluminis

512 2001 611 2085 parte
630 2002 737 2086 atque
750 1990 846 2087 ripa,
868 1989 905 2059 in
922 2012 996 2087 qua
1008 2003 1062 2061 est
1074 1990 1198 2061 civitas
1210 1990 1295 2080 sita,
1319 2005 1434 2063 castra
1455 1993 1571 2091 posita

512 2115 547 2173 et
563 2102 632 2174 illic
643 2102 942 2202 pluresbastilias‚
959 2107 1070 2176 instar
1081 2100 1307 2193 castellorum
1323 2119 1487 2196 structas,
1503 2106 1571 2205 ipsi

512 2216 616 2314 Angli
632 2218 736 2291 valde
752 2219 1009 2309 munivissent,
1029 2221 1124 2292 cives
1135 2230 1220 2292 vero
1235 2219 1281 2309 de
1297 2233 1394 2292 trans
1411 2221 1568 2311 flumen,

511 2335 650 2428 quoties
667 2334 815 2429 vellent,
844 2336 964 2435 copias
990 2339 1208 2409 Francorum
1225 2335 1379 2424 militum
1402 2335 1494 2410 infra
1510 2362 1571 2409 ur·

512 2449 595 2523 bem
608 2454 930 2553 suamreciperent,
947 2467 984 2525 et
1000 2476 1184 2527 annonam
1197 2452 1390 2548 largissime
1400 2477 1463 2551 per
1479 2476 1572 2551 pon-

513 2578 584 2640 t'em
609 2567 902 2663 introducerent,
929 2569 1121 2642 consilium
1150 2570 1214 2642 luit
1241 2567 1394 2666 Anglicis
1427 2569 1571 2668 copiam

511 2684 733 2781 ingrediendi
761 2684 1039 2783 egrediendique
1057 2711 1122 2784 per
1139 2701 1288 2785 pontem
1302 2683 1439 2757 civibus
1461 2698 1569 2784 atque

511 2801 666 2892 Francis,
685 2802 715 2871 si
731 2813 889 2898 possent,
907 2798 1178 2873 intercluderet.
1196 2800 1356 2897 Aggressi
1372 2801 1479 2897 igitur
1493 2824 1570 2872 rna·

512 2915 589 3010 gnis
605 2914 741 2987 viribus
753 2916 879 2987 turrim
895 2940 1099 3015 expugnare
1117 2918 1419 3011 munitissimam⁸,
1430 2941 1510 3014 quae
1526 2940 1570 2989 ex

511 3028 578 3099 alia
595 3030 672 3129 ripa
691 3029 848 3102 fluminis
860 3047 1009 3129 pontem
1024 3033 1196 3108 munitae
1210 3049 1341 3125 tuetur,
1357 3036 1472 3133 ipsam
1484 3034 1519 3105 vi
1534 3044 1571 3105 et

510 3146 640 3237 armis,
668 3147 765 3220 caesis
793 3147 975 3246 pulsisque
1004 3151 1232 3243 custodibus,
1263 3166 1503 3251 expugnatam
1531 3151 1569 3223 in

510 3284 611 3333 suam
629 3262 842 3359 redegerunt
861 3279 1090 3364 potestatem,
1107 3282 1143 3340 et
1158 3267 1311 3363 militum
1327 3291 1476 3339 suorum
1493 3290 1569 3339 me·

511 3382 843 3484 gnailliopraesidia
860 3384 1080 3460 locaverunt.
1471 3376 1474 3381 ¹

560 3506 643 3591 Quo
664 3503 776 3595 sacto,
799 3528 882 3577 cum
902 3505 979 3601 jam
996 3530 1064 3577 nec
1081 3530 1124 3578 ex
1141 3528 1214 3579 una
1235 3528 1303 3577 nec
1322 3500 1434 3576 altera
1449 3499 1569 3573 llumi·

512 3617 568 3689 nis
590 3619 750 3717 partibus
774 3642 918 3691 annona
940 3619 997 3691 vel
1019 3619 1092 3692 ulla
1114 3619 1258 3693 vivendi
1280 3617 1405 3691 solatia
1431 3615 1569 3721 civibus

511 3736 762 3830 provenirent,
780 3734 868 3806 urbe
891 3736 1052 3832 undique
1070 3739 1176 3809 armis
1191 3750 1227 3809 et
1242 3736 1364 3808 castris
1379 3731 1570 3806 hostilibus

511 3850 785 3945 circumvallata,
804 3852 972 3923 coarctati
989 3868 1072 3923 sunt
1087 3876 1161 3924 non
1179 3852 1292 3923 multo
1309 3866 1389 3950 post
1406 3852 1502 3923 cives
1516 3862 1567 3942 et,
1592 3858 1596 3862 ’

511 3969 574 4066 qui
592 3968 661 4041 illic
679 3970 715 4040 in
734 3968 897 4067 praesidio
921 3966 1182 4056 consistebant,
1208 3968 1357 4058 milites,
1375 3966 1569 4040 multarum

552 4249 580 4307 l.
604 4248 645 4307 La
659 4244 834 4303 destruction
847 4242 898 4303 des
910 4240 1067 4323 laubourgs
1079 4240 1160 4301 n'eut
1175 4242 1234 4301 lien
1247 4242 1383 4321 qu’aprbs
1393 4241 1423 4303 la
1435 4252 1512 4301 mort
1528 4238 1568 4299 dn

512 4348 606 4395 comte
620 4334 657 4395 de
670 4332 829 4412 salisbury.
842 4332 885 4393 cf.
903 4336 1026 4393 Journal
1039 4333 1079 4389 du
1091 4336 1166 4409 stege
1182 4330 1348 4396 d'Orle'am,

552 4427 582 4481 Ξ.
604 4428 679 4483 C’est
701 4444 739 4483 au
761 4422 903 4483 contraire
922 4441 976 4503 par
993 4422 1021 4481 le
1038 4422 1102 4481 coti
1128 4420 1341 4483 dentre-loire
1360 4443 1418 4503 quc
1440 4423 1468 4481 le
1490 4420 1569 4501 siege

512 4530 688 4589 oommengn,
702 4526 731 4573 et
744 4512 794 4572 dds
806 4514 833 4573 le
847 4523 1092 4573 commenoement
1101 4511 1144 4572 les
1156 4503 1305 4571 Orldnnais
1320 4511 1418 4573 iurent
1427 4507 1568 4593 privesde

513 4598 622 4680 l’usage
638 4600 674 4660 de
686 4601 750 4661 leur
765 4614 845 4681 pont.

554 4694 582 4751 3.
605 4694 646 4751 Le
660 4693 717 4751 lort
729 4690 780 4751 des
792 4692 949 4753 Tourelles.
