3892 5892
738 918 849 976 uuus
867 917 1044 990 QUINTUS.
1367 915 1425 974 ³ld

364 1041 465 1144 quod
486 1041 619 1115 dietam
634 1039 701 1116 sibi
713 1064 946 1116 communem
960 1065 982 1113 a
997 1038 1146 1114 medicis
1162 1040 1332 1114 indictam
1343 1039 1427 1112 satis

366 1157 526 1232 studiose
543 1157 761 1230 observaret.

414 1274 579 1348 lasciviis
594 1299 670 1347 non
690 1273 802 1348 modo
824 1273 862 1346 in
885 1275 1002 1374 prima
1026 1287 1147 1366 aetate,
1173 1271 1426 1348 verumetiam

361 1391 436 1488 jam
465 1414 593 1479 senex,
625 1390 707 1462 satis
739 1403 777 1462 et
804 1413 914 1490 supra
941 1413 1051 1489 quam
1081 1388 1133 1462 las
1162 1387 1426 1484 honestumque

365 1503 504 1597 luisset,
537 1503 679 1577 deditus
709 1503 775 1577 suit
802 1531 811 1574 z
840 1504 878 1576 in
905 1503 1112 1601 hujusmodi
1144 1501 1427 1576 ministrantibus

365 1619 452 1712 sibi,
474 1622 536 1718 qni
566 1621 662 1696 circa
695 1646 734 1694 se
767 1620 936 1716 aderant,
969 1619 1269 1712 assentatoribus,
1296 1633 1336 1692 ut
1366 1619 1427 1696 tali

365 1735 561 1808 ministerio
578 1736 655 1832 ejus
669 1734 738 1809 sibi
753 1737 902 1833 gratiam
918 1761 960 1812 ac
980 1736 1121 1810 favores
1136 1737 1326 1836 ampliores
1341 1761 1429 1810 con·

364 1848 537 1926 ciliarent.
557 1849 679 1942 Unde,
697 1865 861 1950 tempore
875 1867 1082 1950 treugarum
1095 1877 1175 1951 quae
1193 1853 1287 1926 inter
1308 1853 1427 1952 ipsum

365 1978 401 2038 et
431 1964 595 2062 Anglicoa
621 1981 857 2040 cucurrerunt
871 1972 893 2057 ¹,
924 1965 1053 2040 babuit
1081 1969 1118 2040 in
1152 1967 1286 2042 deliciis
1315 1991 1425 2042 unam

363 2081 580 2180 praecipuam
597 2081 680 2155 satis
697 2081 895 2156 formosam
906 2081 1174 2176 mulierculam,
1194 2104 1303 2181 qnam
1320 2081 1426 2182 vulgo

368 2190 591 2291 «pulchram
609 2197 780 2292 dgnetem
795 2225 815 2264 ι
833 2193 1063 2296 appellabant
1081 2221 1090 2268 ε
1112 2219 1277 2269 neceam
1293 2197 1428 2296 quippe

365 2306 496 2402 solam,
514 2331 582 2382 nec
598 2310 676 2409 ipsa
694 2335 778 2385 cum
793 2311 931 2401 solum,
950 2310 1016 2384 sed
1032 2334 1118 2384 cum
1132 2310 1209 2409 ipsa
1222 2311 1330 2384 etiam
1345 2313 1429 2384 satis

365 2425 553 2524 copiosum
571 2449 714 2524 gregem
735 2425 1029 2500 muliercularum
1052 2425 1154 2499 omni
1177 2425 1343 2500 vanitatis
1368 2451 1428 2523 ge*

366 2541 445 2614 neri
476 2539 691 2616 deditarum.
727 2543 798 2631 Qui
826 2541 997 2642 pellicum
1032 2567 1137 2642 grex,
1172 2541 1268 2642 prob
1296 2540 1425 2616 dolor!

365 2670 597 2756 sumptuosus
611 2657 719 2730 nimis
730 2672 838 2757 atque
854 2682 1030 2733 onerosus
1052 2682 1163 2756 regno
1177 2672 1263 2732 tunc
1277 2659 1430 2759 pauperi

365 2771 568 2847 exsistebat.
585 2777 841 2874 Nam'qnoquo
857 2775 935 2875 ipse
953 2799 1016 2850 rex
1034 2788 1217 2876 pergeret,
1244 2773 1306 2848 illo
1320 2775 1429 2848 etiam

366 2911 451 2962 cum
473 2904 647 2990 apparatu
673 2887 831 2991 luxuque
865 2889 975 2988 regali
1006 2913 1151 2988 gregem
1173 2887 1274 2962 illum
1299 2887 1430 2963 advehi

367 3001 573 3101 oportebat,
602 3003 650 3078 ad
677 3029 832 3102 quarum
859 3005 1034 3078 vanitates
1061 3003 1258 3103 pascendas
1288 3001 1429 3077 infinita

367 3114 639 3212 quodammodo
650 3119 805 3216 pecunia
816 3117 1098 3217 expendebatur,
1112 3133 1148 3190 et
1158 3117 1265 3215 longe
1276 3116 1429 3217 amplior

368 3252 478 3327 quam
494 3245 605 3305 status
619 3233 750 3330 reginae
764 3247 1005 3306 consumeret.
1023 3237 1130 3322 Qua,
1146 3232 1230 3304 licet
1245 3231 1430 3306 nihilomi-

368 3368 437 3417 nus
450 3358 591 3418 tantum
609 3345 735 3441 studii,
754 3347 874 3444 gratiae
893 3369 936 3419 ac
955 3345 1086 3420 favoris
1103 3343 1238 3418 eisdem
1255 3347 1430 3446 impartiri

368 3483 443 3532 non
459 3460 657 3558 ignoraret,
676 3459 893 3560 easdemque
911 3460 1133 3560 frequentius
1152 3459 1259 3534 simul
1281 3483 1365 3534 cum
1387 3483 1429 3534 ea

368 3577 406 3650 iu
426 3575 556 3652 codem
575 3593 692 3652 castro
717 3601 780 3652 seu
801 3576 934 3678 palatio
956 3577 1064 3650 sciret
1087 3575 1288 3676 hospitari,
1309 3589 1429 3648 tamen

367 3690 577 3791 patientiam
597 3705 762 3792 prestare
784 3689 853 3764 sibi
870 3711 962 3789 opus
979 3703 1073 3780 erat,
1094 3689 1143 3764 ita
1162 3703 1202 3762 ut
1220 3713 1286 3762 nec
1301 3689 1430 3762 mutire

369 3823 560 3909 propterea
588 3831 714 3882 ausum
743 3804 905 3880 baberet.
938 3809 1011 3878 Nec
1037 3829 1124 3878 vero
1150 3803 1218 3878 sibi
1246 3803 1431 3880 dumtaxat

369 3923 454 3998 inde
485 3921 647 4022 querelas
679 3923 793 3996 lacera
825 3920 1025 4022 periculum
1057 3934 1151 4013 erat,
1188 3919 1252 3993 sed
1284 3935 1333 4010 et·
1347 3944 1431 3993 cum

369 4038 476 4112 alicui
496 4038 653 4114 bonnet
674 4037 829 4112 honesto
849 4036 990 4110 bomini
1012 4036 1141 4138 aliquis
1160 4061 1291 4110 canum
1306 4036 1431 4138 palati·

413 4255 442 4310 l.
466 4254 555 4316 llll.
569 4251 637 4314 Cela
647 4251 723 4328 joint
735 4253 754 4310 a
767 4271 800 4312 ce
816 4269 875 4330 que
894 4249 1019 4310 l'anteur
1040 4249 1082 4310 dit
1103 4249 1169 4330 plus
1188 4249 1247 4310 loiu
1263 4249 1300 4310 de
1314 4249 1342 4309 la
1355 4263 1431 4310 mort

370 4339 518 4420 d’dgnes,
532 4341 646 4401 arrivde
662 4343 775 4414 instare
783 4345 960 4414 juventutis,
976 4337 1048 4400 rend
1063 4340 1282 4420 nes-suspectos
1296 4337 1339 4398 les
1352 4337 1432 4400 dares

371 4426 408 4485 de
421 4427 500 4484 lm
513 4439 543 4486 et
558 4431 657 4504 1436,
673 4435 764 4508 qn’on
784 4427 918 4508 assigue,
937 4447 1004 4488 saus
1020 4427 1190 4486 documenta
1202 4429 1221 4486 a
1232 4427 1360 4508 l’appui,
1374 4447 1431 4488 aux

370 4515 534 4576 numeres
552 4512 589 4574 de
611 4535 657 4576 ses
670 4516 748 4578 deux
763 4515 922 4598 premieres
940 4517 1023 4577 tilles.
1037 4519 1110 4596 Voy.
1124 4513 1217 4576 vallet
1231 4511 1268 4575 de
1280 4513 1431 4586 Virirille,

370 4605 391 4666 l.
406 4624 434 4664 e.
449 4623 481 4683 p.
497 4603 567 4663 ttt.
