3892 5892
723 952 834 1011 anua
854 914 1056 1011 sumanus.
1388 954 1426 1011 aa

364 1101 484 1167 rernm
501 1075 781 1148 necessariarum
798 1076 950 1174 penuria
974 1090 1009 1147 et
1030 1076 1182 1148 caristia.
1203 1080 1280 1147 Non
1304 1090 1425 1149 tamen

365 1190 505 1265 animus
522 1190 686 1288 viresque
705 1190 756 1261 eis
777 1189 921 1262 defuere
945 1190 1033 1288 quin
1054 1214 1092 1261 se
1110 1188 1157 1261 ab
1173 1189 1339 1262 hostibus
1354 1206 1428 1263 tue.

365 1321 499 1400 rentur,
519 1331 674 1404 eosque,
693 1305 880 1403 quomodo
898 1318 1064 1405 possent,
1084 1302 1225 1377 assidue
1241 1331 1333 1405 pene
1357 1322 1427 1379 stu·

363 1422 492 1499 derent
517 1423 739 1521 impugnare.
774 1421 877 1495 Unde
906 1445 1009 1513 cum,
1037 1420 1197 1517 quodam
1218 1420 1293 1513 die,
1318 1447 1427 1520 quern

363 1538 589 1637 praediximus
603 1562 724 1611 comes
736 1537 997 1611 salisberiensis
1010 1561 1128 1610 arcem
1141 1535 1255 1627 illam,
1269 1538 1304 1609 in
1315 1539 1426 1611 altero

363 1650 435 1725 fine
452 1655 592 1752 pontis,
609 1654 809 1728 intravisset
826 1654 1082 1751 lustraretque,
1101 1653 1322 1751 prospiciens
1338 1680 1428 1753 quo-

363 1768 474 1842 modo
492 1795 558 1871 per
579 1794 658 1843 eam
683 1770 815 1842 civitati
839 1768 1050 1842 detrimenta
1070 1768 1235 1862 inferret,
1260 1784 1350 1868 nutu
1369 1770 1425 1843 di·

361 1885 451 1958 vinae
467 1886 701 1985 providentiae
718 1913 783 1985 per
797 1886 924 1958 urbem
939 1886 1052 1987 ipsam
1075 1886 1110 1955 in
1129 1885 1289 1959 hostium
1307 1902 1432 2001 potes:

362 2014 470 2073 tatem
488 2001 600 2098 redigi
619 2001 842 2101 prohiberet¹
852 2058 862 2095 ,
887 2026 930 2073 ex
948 1998 1126 2072 moenibus
1143 2002 1293 2073 civitatis
1311 2002 1427 2099 jactus

361 2112 407 2185 de
430 2113 679 2188 bombardella
703 2115 815 2215 lapis,
849 2115 1039 2188 fenestram
1063 2138 1174 2186 unam
1195 2115 1270 2212 ejus
1298 2119 1423 2212 turris,

361 2230 419 2302 cui
444 2256 559 2331 prope
582 2230 745 2304 adstabat
768 2231 865 2303 idem
886 2255 1030 2318 comes,
1049 2230 1211 2323 intravit3
1234 2232 1297 2328 qui
1317 2232 1426 2305 ferra-

362 2360 483 2419 mento
505 2346 645 2441 allisus,
665 2372 739 2445 quo
757 2347 884 2419 eadem
901 2342 1129 2417 muniebatur
1150 2346 1320 2438 fenestra,
1338 2348 1425 2421 etin

361 2476 462 2561 parte
478 2461 630 2549 divisus,
656 2463 691 2534 in
711 2476 818 2560 caput
835 2462 943 2561 ipsius
963 2461 1125 2553 comitis,
1142 2485 1257 2560 prope
1273 2460 1425 2534 alterum

361 2578 571 2671 oculorum,
604 2578 772 2676 impegit,
813 2601 968 2675 eumque
1000 2576 1177 2649 lethaliter
1208 2576 1420 2649 vulneravit.

360 2697 542 2792 Cumque,
562 2694 612 2766 ita
634 2694 791 2787 saucius,
816 2693 864 2766 ad
888 2692 1064 2792 oppidum
1083 2690 1272 2763 Modinum
1295 2718 1333 2764 se
1361 2693 1424 2765 de·

361 2814 444 2889 ferri
457 2814 606 2908 fecisset,
621 2814 712 2887 infra
724 2838 923 2913 paucorum
935 2812 1076 2886 dierum
1087 2813 1200 2911 spatia
1217 2811 1287 2884 vita
1304 2836 1424 2884 exces-

360 2930 418 3005 sit.
444 2936 532 3021 Quae
555 2954 611 3003 res
638 2946 673 3003 et
696 2932 828 3005 civitati
840 2926 882 3001 et
898 2930 1042 3003 Francis
1065 2954 1139 3001 non
1163 2928 1314 3001 infausta
1332 2930 1421 3021 fuit;

361 3072 446 3119 nam
465 3048 558 3121 inter
574 3072 701 3119 omnes
717 3048 914 3144 Anglorum
938 3047 1048 3119 duces
1068 3060 1104 3118 et
1129 3045 1425 3144 prudentissimus

359 3164 397 3235 in
427 3163 533 3236 rebus
553 3162 689 3237 bellicis
708 3178 743 3235 et
759 3164 1022 3237 strenuissimus
1037 3162 1250 3236 habebatur.
1273 3162 1426 3261 Reliquit

359 3293 480 3353 autem
504 3280 662 3353 moriens
689 3280 797 3351 totius
821 3278 1020 3351 obsidionis
1045 3292 1082 3350 et
1106 3278 1280 3350 exercitus
1300 3302 1424 3352 curam

359 3396 502 3470 cuidam
520 3396 682 3493 anglico,
702 3410 945 3493 cognomento
964 3392 1174 3484 Classidus',
1193 3418 1302 3491 quem
1317 3396 1424 3468 etiam

359 3511 469 3585 totius
487 3512 669 3586 industriae
686 3512 848 3585 militaris
863 3505 1090 3610 potissimu'm
1107 3507 1310 3607 reputabat.

408 3628 586 3701 Defuncto
614 3628 722 3727 igitur
753 3628 815 3699 tali
842 3625 954 3698 modo
985 3624 1116 3696 comite
1152 3622 1421 3718 salisberiensi,

358 3742 461 3839 cnjus
476 3769 611 3817 nomen
628 3760 664 3817 et
680 3744 775 3817 fama
794 3743 937 3816 Francis
954 3765 1031 3814 non
1047 3763 1160 3840 parvo
1175 3739 1419 3833 ducebantur,

347 3856 464 3931 'laetati
478 3874 561 3932 sunt
574 3860 743 3957 quidem,
757 3860 819 3957 qui
834 3860 870 3931 in
887 3859 1029 3931 civitate
1043 3856 1178 3929 obsessi
1191 3855 1419 3944 tenebantur,

357 3988 394 4045 et
406 3998 468 4072 spe
485 3974 633 4048 meliore
650 3974 809 4047 roborati
823 3998 894 4047 suae
906 3972 1106 4046 defensioni
1119 3972 1266 4044 viriliter
1280 3972 1423 4043 incum-

357 4087 456 4163 bere.
486 4090 587 4189 Angli
609 4116 696 4164 vero
713 4076 744 4165 'e
773 4091 914 4165 diverso
932 4089 1038 4163 variis
1061 4088 1359 4161 machinamentis
1379 4112 1422 4161 ac

358 4203 605 4280 molitionibus
620 4208 677 4281 vel
698 4208 877 4289 civitatem
895 4231 1122 4306 expugnare,
1146 4204 1203 4277 vel
1228 4204 1347 4279 inedia
1374 4204 1422 4279 ad

359 4319 580 4397 deditionem
597 4326 691 4397 cives
704 4348 852 4421 urgere,
872 4320 1097 4395 insistebant.

401 4500 430 4561 l.
452 4502 510 4558 Str.
527 4498 554 4557 ll-
570 4498 631 4557 faut
645 4498 698 4559 lire
719 4518 785 4559 sans
803 4496 891 4557 doute
915 4499 1101 4555 antedictae
1116 4499 1298 4574 prwtdentiae
1324 4499 1420 4559 urbem
1526 4558 1541 4581 Ι

360 4594 451 4663 ipsam
467 4595 496 4735 r'rlr
509 4588 628 4737 bizim
639 4602 806 4665 potestatem
819 4589 911 4665 redigi
913 4585 1103 4663 prohibentis.

401 4678 431 4737 2.
455 4678 525 4738 Ges
574 4696 601 4737 e.
