<?xml version="1.0" encoding="UTF-8"?>
<!DOCTYPE html PUBLIC "-//W3C//DTD XHTML 1.0 Transitional//EN"
    "http://www.w3.org/TR/xhtml1/DTD/xhtml1-transitional.dtd">
<html xmlns="http://www.w3.org/1999/xhtml" xml:lang="en" lang="en">
 <head>
  <title>
</title>
<meta http-equiv="Content-Type" content="text/html;charset=utf-8" />
  <meta name='ocr-system' content='tesseract 3.04.00' />
  <meta name='ocr-capabilities' content='ocr_page ocr_carea ocr_par ocr_line ocrx_word'/>
</head>
<body>
  <div class='ocr_page' id='page_1' title='image "./histoiredesrgne01amelgoog_0406.png"; bbox 0 0 3892 5892; ppageno 0'>
   <div class='ocr_carea' id='block_1_1' title="bbox 490 894 1597 2973">
    <p class='ocr_par' dir='ltr' id='par_1_1' title="bbox 529 894 1298 992">
     <span class='ocr_line' id='line_1_1' title="bbox 529 894 1298 992; baseline 0 -19"><span class='ocrx_word' id='word_1_1' title='bbox 529 910 587 973; x_wconf 77' lang='lat' dir='ltr'><strong>tot</strong></span> <span class='ocrx_word' id='word_1_2' title='bbox 657 976 661 992; x_wconf 65' lang='grc'>,</span> <span class='ocrx_word' id='word_1_3' title='bbox 814 894 1071 973; x_wconf 81' lang='lat' dir='ltr'><strong>msrcnnt&#39;tuu</strong></span> <span class='ocrx_word' id='word_1_4' title='bbox 1090 912 1226 975; x_wconf 72' lang='lat' dir='ltr'><strong>uenum</strong></span> <span class='ocrx_word' id='word_1_5' title='bbox 1247 918 1298 973; x_wconf 91' lang='lat' dir='ltr'><strong>vu</strong></span> 
     </span>
    </p>

    <p class='ocr_par' dir='ltr' id='par_1_2' title="bbox 490 1024 1597 2973">
     <span class='ocr_line' id='line_1_2' title="bbox 528 1024 1590 1138; baseline -0.003 -26"><span class='ocrx_word' id='word_1_6' title='bbox 528 1035 702 1112; x_wconf 73' lang='lat' dir='ltr'><strong>mmmm</strong></span> <span class='ocrx_word' id='word_1_7' title='bbox 712 1039 887 1138; x_wconf 75' lang='lat' dir='ltr'><strong>epatium,</strong></span> <span class='ocrx_word' id='word_1_8' title='bbox 904 1033 1025 1137; x_wconf 66' lang='lat' dir='ltr'><strong>piures</strong></span> <span class='ocrx_word' id='word_1_9' title='bbox 1044 1038 1089 1109; x_wconf 82' lang='lat' dir='ltr'><strong>ad</strong></span> <span class='ocrx_word' id='word_1_10' title='bbox 1103 1053 1188 1109; x_wconf 87' lang='lat' dir='ltr'><strong>cum</strong></span> <span class='ocrx_word' id='word_1_11' title='bbox 1203 1036 1310 1133; x_wconf 72' lang='lat' dir='ltr'><strong>hujus</strong></span> <span class='ocrx_word' id='word_1_12' title='bbox 1326 1024 1376 1108; x_wconf 90' lang='lat' dir='ltr'><strong>rei</strong></span> <span class='ocrx_word' id='word_1_13' title='bbox 1392 1036 1509 1109; x_wconf 85' lang='lat' dir='ltr'><strong>nuntii</strong></span> <span class='ocrx_word' id='word_1_14' title='bbox 1527 1051 1590 1109; x_wconf 74' lang='lat' dir='ltr'><strong>ve-</strong></span> 
     </span>
     <span class='ocr_line' id='line_1_3' title="bbox 531 1151 1589 1253; baseline -0.001 -24"><span class='ocrx_word' id='word_1_15' title='bbox 531 1154 705 1253; x_wconf 81' lang='lat' dir='ltr'><strong>nerunt),</strong></span> <span class='ocrx_word' id='word_1_16' title='bbox 722 1177 766 1227; x_wconf 81' lang='lat' dir='ltr'><strong>ex</strong></span> <span class='ocrx_word' id='word_1_17' title='bbox 785 1156 952 1228; x_wconf 72' lang='lat' dir='ltr'><strong>mestitia</strong></span> <span class='ocrx_word' id='word_1_18' title='bbox 979 1174 1080 1253; x_wconf 78' lang='lat' dir='ltr'><strong>pene</strong></span> <span class='ocrx_word' id='word_1_19' title='bbox 1104 1162 1226 1227; x_wconf 77' lang='lat' dir='ltr'><strong>tersus</strong></span> <span class='ocrx_word' id='word_1_20' title='bbox 1251 1160 1303 1226; x_wconf 77' lang='lat' dir='ltr'><strong>est</strong></span> <span class='ocrx_word' id='word_1_21' title='bbox 1322 1152 1360 1225; x_wconf 90' lang='lat' dir='ltr'><strong>in</strong></span> <span class='ocrx_word' id='word_1_22' title='bbox 1379 1151 1589 1247; x_wconf 68' lang='lat' dir='ltr'><strong>amentiam.</strong></span> 
     </span>
     <span class='ocr_line' id='line_1_4' title="bbox 532 1268 1592 1369; baseline -0.002 -25"><span class='ocrx_word' id='word_1_23' title='bbox 532 1276 616 1345; x_wconf 79' lang='lat' dir='ltr'><strong>Erat</strong></span> <span class='ocrx_word' id='word_1_24' title='bbox 628 1271 748 1345; x_wconf 84' lang='lat' dir='ltr'><strong>adhuc</strong></span> <span class='ocrx_word' id='word_1_25' title='bbox 763 1272 989 1359; x_wconf 79' lang='lat' dir='ltr'><strong>satis-mane,</strong></span> <span class='ocrx_word' id='word_1_26' title='bbox 1008 1282 1096 1368; x_wconf 88' lang='lat' dir='ltr'><strong>puto</strong></span> <span class='ocrx_word' id='word_1_27' title='bbox 1118 1268 1209 1342; x_wconf 79' lang='lat' dir='ltr'><strong>hora</strong></span> <span class='ocrx_word' id='word_1_28' title='bbox 1226 1270 1327 1367; x_wconf 78' lang='lat' dir='ltr'><strong>quasi</strong></span> <span class='ocrx_word' id='word_1_29' title='bbox 1342 1271 1494 1369; x_wconf 81' lang='lat' dir='ltr'><strong>septima</strong></span> <span class='ocrx_word' id='word_1_30' title='bbox 1508 1272 1592 1342; x_wconf 80' lang='lat' dir='ltr'><strong>ante</strong></span> 
     </span>
     <span class='ocr_line' id='line_1_5' title="bbox 532 1380 1589 1485; baseline -0.002 -23"><span class='ocrx_word' id='word_1_31' title='bbox 532 1389 732 1462; x_wconf 73' lang='lat' dir='ltr'><strong>meridiem.</strong></span> <span class='ocrx_word' id='word_1_32' title='bbox 753 1386 856 1459; x_wconf 85' lang='lat' dir='ltr'>Unde</span> <span class='ocrx_word' id='word_1_33' title='bbox 868 1386 979 1466; x_wconf 78' lang='lat' dir='ltr'><strong>reiuti</strong></span> <span class='ocrx_word' id='word_1_34' title='bbox 995 1410 1039 1459; x_wconf 84' lang='lat' dir='ltr'><strong>ex</strong></span> <span class='ocrx_word' id='word_1_35' title='bbox 1055 1394 1155 1485; x_wconf 83' lang='lat' dir='ltr'><strong>parte</strong></span> <span class='ocrx_word' id='word_1_36' title='bbox 1175 1380 1328 1461; x_wconf 78' lang='lat' dir='ltr'><strong>furiosos</strong></span> <span class='ocrx_word' id='word_1_37' title='bbox 1343 1395 1408 1459; x_wconf 83' lang='lat' dir='ltr'><strong>aut</strong></span> <span class='ocrx_word' id='word_1_38' title='bbox 1422 1390 1589 1481; x_wconf 72' lang='lat' dir='ltr'><strong>insanus,</strong></span> 
     </span>
     <span class='ocr_line' id='line_1_6' title="bbox 533 1494 1593 1599; baseline -0.004 -20"><span class='ocrx_word' id='word_1_39' title='bbox 533 1506 579 1579; x_wconf 82' lang='lat' dir='ltr'><strong>od</strong></span> <span class='ocrx_word' id='word_1_40' title='bbox 596 1527 680 1578; x_wconf 81' lang='lat' dir='ltr'><strong>suos</strong></span> <span class='ocrx_word' id='word_1_41' title='bbox 691 1494 917 1595; x_wconf 77' lang='lat' dir='ltr'><strong>excitandos,</strong></span> <span class='ocrx_word' id='word_1_42' title='bbox 931 1500 994 1599; x_wconf 88' lang='lat' dir='ltr'><strong>qui</strong></span> <span class='ocrx_word' id='word_1_43' title='bbox 1007 1500 1172 1574; x_wconf 84' lang='lat' dir='ltr'><strong>nondum</strong></span> <span class='ocrx_word' id='word_1_44' title='bbox 1186 1526 1205 1573; x_wconf 86' lang='lat' dir='ltr'><strong>e</strong></span> <span class='ocrx_word' id='word_1_45' title='bbox 1218 1504 1289 1575; x_wconf 86' lang='lat' dir='ltr'><strong>suis</strong></span> <span class='ocrx_word' id='word_1_46' title='bbox 1301 1502 1418 1575; x_wconf 82' lang='lat' dir='ltr'><strong>stratis</strong></span> <span class='ocrx_word' id='word_1_47' title='bbox 1433 1514 1593 1576; x_wconf 83' lang='lat' dir='ltr'><strong>surrexe-</strong></span> 
     </span>
     <span class='ocr_line' id='line_1_7' title="bbox 533 1614 1592 1721; baseline -0.005 -25"><span class='ocrx_word' id='word_1_48' title='bbox 533 1638 633 1713; x_wconf 85' lang='lat' dir='ltr'>rant,</span> <span class='ocrx_word' id='word_1_49' title='bbox 650 1647 715 1721; x_wconf 91' lang='lat' dir='ltr'><strong>pcr</strong></span> <span class='ocrx_word' id='word_1_50' title='bbox 738 1633 892 1693; x_wconf 81' lang='lat' dir='ltr'><strong>castrum</strong></span> <span class='ocrx_word' id='word_1_51' title='bbox 909 1616 1196 1716; x_wconf 79' lang='lat' dir='ltr'><strong>Rothomagenre</strong></span> <span class='ocrx_word' id='word_1_52' title='bbox 1218 1614 1437 1714; x_wconf 73' lang='lat' dir='ltr'><strong>discurrens,</strong></span> <span class='ocrx_word' id='word_1_53' title='bbox 1456 1620 1592 1692; x_wconf 78' lang='lat' dir='ltr'><strong>clama-</strong></span> 
     </span>
     <span class='ocr_line' id='line_1_8' title="bbox 534 1732 1592 1835; baseline -0.004 -24"><span class='ocrx_word' id='word_1_54' title='bbox 534 1738 597 1814; x_wconf 86' lang='lat' dir='ltr'><strong>bat</strong></span> <span class='ocrx_word' id='word_1_55' title='bbox 610 1746 905 1833; x_wconf 79' lang='lat' dir='ltr'><strong>unumquemque</strong></span> <span class='ocrx_word' id='word_1_56' title='bbox 921 1732 1171 1834; x_wconf 82' lang='lat' dir='ltr'><strong>compelians¹.</strong></span> <span class='ocrx_word' id='word_1_57' title='bbox 1187 1732 1347 1807; x_wconf 75' lang='lat' dir='ltr'><strong>Mittebat</strong></span> <span class='ocrx_word' id='word_1_58' title='bbox 1362 1752 1397 1807; x_wconf 84' lang='lat' dir='ltr'><strong>et</strong></span> <span class='ocrx_word' id='word_1_59' title='bbox 1419 1752 1483 1835; x_wconf 84' lang='lat' dir='ltr'><strong>per</strong></span> <span class='ocrx_word' id='word_1_60' title='bbox 1504 1735 1592 1808; x_wconf 86' lang='lat' dir='ltr'><strong>civi·</strong></span> 
     </span>
     <span class='ocr_line' id='line_1_9' title="bbox 535 1844 1594 1947; baseline -0.004 -21"><span class='ocrx_word' id='word_1_61' title='bbox 535 1864 645 1926; x_wconf 80' lang='lat' dir='ltr'><strong>tutem</strong></span> <span class='ocrx_word' id='word_1_62' title='bbox 662 1848 709 1924; x_wconf 86' lang='lat' dir='ltr'><strong>ud</strong></span> <span class='ocrx_word' id='word_1_63' title='bbox 730 1850 870 1923; x_wconf 75' lang='lat' dir='ltr'><strong>diversa</strong></span> <span class='ocrx_word' id='word_1_64' title='bbox 886 1850 989 1944; x_wconf 78' lang='lat' dir='ltr'><strong>locu,</strong></span> <span class='ocrx_word' id='word_1_65' title='bbox 1008 1848 1055 1922; x_wconf 89' lang='lat' dir='ltr'><strong>ad</strong></span> <span class='ocrx_word' id='word_1_66' title='bbox 1072 1846 1202 1947; x_wconf 77' lang='lat' dir='ltr'><strong>Anglos</strong></span> <span class='ocrx_word' id='word_1_67' title='bbox 1220 1846 1387 1923; x_wconf 82' lang='lat' dir='ltr'><strong>miiitares</strong></span> <span class='ocrx_word' id='word_1_68' title='bbox 1413 1844 1594 1947; x_wconf 86' lang='lat' dir='ltr'><strong>cogendos</strong></span> 
     </span>
     <span class='ocr_line' id='line_1_10' title="bbox 536 1964 1593 2064; baseline -0.002 -25"><span class='ocrx_word' id='word_1_69' title='bbox 536 1982 571 2039; x_wconf 88' lang='lat' dir='ltr'><strong>et</strong></span> <span class='ocrx_word' id='word_1_70' title='bbox 588 1967 634 2041; x_wconf 85' lang='lat' dir='ltr'><strong>ad</strong></span> <span class='ocrx_word' id='word_1_71' title='bbox 649 1966 825 2064; x_wconf 86' lang='lat' dir='ltr'><strong>quosdam</strong></span> <span class='ocrx_word' id='word_1_72' title='bbox 841 1964 1042 2059; x_wconf 76' lang='lat' dir='ltr'><strong>naviculis,</strong></span> <span class='ocrx_word' id='word_1_73' title='bbox 1062 1984 1140 2062; x_wconf 85' lang='lat' dir='ltr'><strong>quae</strong></span> <span class='ocrx_word' id='word_1_74' title='bbox 1157 1964 1193 2037; x_wconf 89' lang='lat' dir='ltr'><strong>in</strong></span> <span class='ocrx_word' id='word_1_75' title='bbox 1209 1978 1316 2064; x_wconf 85' lang='lat' dir='ltr'><strong>portu</strong></span> <span class='ocrx_word' id='word_1_76' title='bbox 1332 1966 1518 2062; x_wconf 83' lang='lat' dir='ltr'><strong>jacebant,</strong></span> <span class='ocrx_word' id='word_1_77' title='bbox 1537 1984 1593 2038; x_wconf 79' lang='lat' dir='ltr'><strong>er-</strong></span> 
     </span>
     <span class='ocr_line' id='line_1_11' title="bbox 535 2066 1595 2179; baseline -0.001 -25"><span class='ocrx_word' id='word_1_78' title='bbox 535 2082 685 2155; x_wconf 78' lang='lat' dir='ltr'><strong>mendos</strong></span> <span class='ocrx_word' id='word_1_79' title='bbox 706 2089 815 2179; x_wconf 75' lang='lat' dir='ltr'><strong>atque</strong></span> <span class='ocrx_word' id='word_1_80' title='bbox 839 2078 1056 2162; x_wconf 82' lang='lat' dir='ltr'><strong>muniendas</strong></span> <span class='ocrx_word' id='word_1_81' title='bbox 1072 2138 1081 2173; x_wconf 94' lang='lat'>‚</span> <span class='ocrx_word' id='word_1_82' title='bbox 1098 2096 1244 2179; x_wconf 77' lang='lat' dir='ltr'><strong>sperans</strong></span> <span class='ocrx_word' id='word_1_83' title='bbox 1259 2066 1379 2153; x_wconf 80' lang='lat' dir='ltr'><strong>adhuc</strong></span> <span class='ocrx_word' id='word_1_84' title='bbox 1396 2074 1595 2154; x_wconf 85' lang='lat' dir='ltr'><strong>remedium</strong></span> 
     </span>
     <span class='ocr_line' id='line_1_12' title="bbox 527 2185 1595 2291; baseline 0 -27"><span class='ocrx_word' id='word_1_85' title='bbox 527 2185 684 2291; x_wconf 74' lang='lat' dir='ltr'><strong>niiqnud</strong></span> <span class='ocrx_word' id='word_1_86' title='bbox 703 2192 939 2285; x_wconf 78' lang='lat' dir='ltr'><strong>defensionis,</strong></span> <span class='ocrx_word' id='word_1_87' title='bbox 955 2212 1031 2289; x_wconf 90' lang='lat' dir='ltr'><strong>quo</strong></span> <span class='ocrx_word' id='word_1_88' title='bbox 1049 2190 1169 2263; x_wconf 83' lang='lat' dir='ltr'><strong>hostes</strong></span> <span class='ocrx_word' id='word_1_89' title='bbox 1185 2192 1322 2291; x_wconf 83' lang='lat' dir='ltr'><strong>oppidu</strong></span> <span class='ocrx_word' id='word_1_90' title='bbox 1342 2191 1397 2264; x_wconf 85' lang='lat' dir='ltr'><strong>vel</strong></span> <span class='ocrx_word' id='word_1_91' title='bbox 1413 2209 1496 2264; x_wconf 84' lang='lat' dir='ltr'><strong>erce</strong></span> <span class='ocrx_word' id='word_1_92' title='bbox 1512 2190 1595 2291; x_wconf 83' lang='lat' dir='ltr'><strong>pei-</strong></span> 
     </span>
     <span class='ocr_line' id='line_1_13' title="bbox 536 2300 1596 2403; baseline -0.003 -27"><span class='ocrx_word' id='word_1_93' title='bbox 536 2305 712 2394; x_wconf 81' lang='lat' dir='ltr'><strong>ierentur‚</strong></span> <span class='ocrx_word' id='word_1_94' title='bbox 735 2325 841 2402; x_wconf 79' lang='lat' dir='ltr'><strong>posse</strong></span> <span class='ocrx_word' id='word_1_95' title='bbox 872 2302 1020 2403; x_wconf 87' lang='lat' dir='ltr'><strong>epponi.</strong></span> <span class='ocrx_word' id='word_1_96' title='bbox 1043 2306 1129 2375; x_wconf 82' lang='lat' dir='ltr'><strong>Naro</strong></span> <span class='ocrx_word' id='word_1_97' title='bbox 1149 2300 1534 2374; x_wconf 77' lang='lat' dir='ltr'><strong>referebantnonnuiii</strong></span> <span class='ocrx_word' id='word_1_98' title='bbox 1551 2324 1596 2373; x_wconf 80' lang='lat' dir='ltr'><strong>cx</strong></span> 
     </span>
     <span class='ocr_line' id='line_1_14' title="bbox 537 2412 1596 2513; baseline -0.001 -27"><span class='ocrx_word' id='word_1_99' title='bbox 537 2416 580 2487; x_wconf 77' lang='lat' dir='ltr'><strong>iic</strong></span> <span class='ocrx_word' id='word_1_100' title='bbox 591 2418 654 2513; x_wconf 88' lang='lat' dir='ltr'><strong>qui</strong></span> <span class='ocrx_word' id='word_1_101' title='bbox 669 2415 998 2512; x_wconf 55' lang='lat' dir='ltr'><strong>inmedingorum,</strong></span> <span class='ocrx_word' id='word_1_102' title='bbox 1012 2428 1173 2513; x_wconf 81' lang='lat' dir='ltr'><strong>tempore.</strong></span> <span class='ocrx_word' id='word_1_103' title='bbox 1184 2414 1240 2484; x_wconf 84' lang='lat' dir='ltr'><strong>sui</strong></span> <span class='ocrx_word' id='word_1_104' title='bbox 1255 2413 1448 2504; x_wconf 75' lang='lat' dir='ltr'><strong>discessus,</strong></span> <span class='ocrx_word' id='word_1_105' title='bbox 1468 2412 1596 2485; x_wconf 72' lang='lat' dir='ltr'><strong>vidisoe</strong></span> 
     </span>
     <span class='ocr_line' id='line_1_15' title="bbox 538 2527 1596 2629; baseline -0.002 -26"><span class='ocrx_word' id='word_1_106' title='bbox 538 2530 657 2603; x_wconf 81' lang='lat' dir='ltr'><strong>adhuc</strong></span> <span class='ocrx_word' id='word_1_107' title='bbox 672 2530 851 2629; x_wconf 73' lang='lat' dir='ltr'><strong>quosdam</strong></span> <span class='ocrx_word' id='word_1_108' title='bbox 864 2552 909 2602; x_wconf 84' lang='lat' dir='ltr'><strong>ex</strong></span> <span class='ocrx_word' id='word_1_109' title='bbox 927 2530 1080 2625; x_wconf 78' lang='lat' dir='ltr'><strong>nngiicie</strong></span> <span class='ocrx_word' id='word_1_110' title='bbox 1095 2527 1230 2626; x_wconf 78' lang='lat' dir='ltr'><strong>aliquae</strong></span> <span class='ocrx_word' id='word_1_111' title='bbox 1247 2540 1362 2602; x_wconf 81' lang='lat' dir='ltr'><strong>turres</strong></span> <span class='ocrx_word' id='word_1_112' title='bbox 1385 2542 1524 2622; x_wconf 85' lang='lat' dir='ltr'><strong>tenere,</strong></span> <span class='ocrx_word' id='word_1_113' title='bbox 1542 2536 1596 2601; x_wconf 80' lang='lat' dir='ltr'><strong>et-</strong></span> 
     </span>
     <span class='ocr_line' id='line_1_16' title="bbox 536 2644 1593 2746; baseline -0.005 -26"><span class='ocrx_word' id='word_1_114' title='bbox 536 2671 610 2746; x_wconf 85' lang='lat' dir='ltr'><strong>que</strong></span> <span class='ocrx_word' id='word_1_115' title='bbox 620 2648 811 2719; x_wconf 63' lang='lat' dir='ltr'><strong>adrerum</strong></span> <span class='ocrx_word' id='word_1_116' title='bbox 821 2647 942 2717; x_wconf 84' lang='lat' dir='ltr'><strong>itosteo</strong></span> <span class='ocrx_word' id='word_1_117' title='bbox 953 2645 1157 2717; x_wconf 78' lang='lat' dir='ltr'><strong>defendere.</strong></span> <span class='ocrx_word' id='word_1_118' title='bbox 1171 2644 1242 2717; x_wconf 85' lang='lat' dir='ltr'><strong>Sed</strong></span> <span class='ocrx_word' id='word_1_119' title='bbox 1252 2662 1336 2717; x_wconf 88' lang='lat' dir='ltr'><strong>curn</strong></span> <span class='ocrx_word' id='word_1_120' title='bbox 1348 2644 1593 2744; x_wconf 82' lang='lat' dir='ltr'><strong>postmodum,</strong></span> 
     </span>
     <span class='ocr_line' id='line_1_17' title="bbox 490 2752 1597 2851; baseline -0.003 -16"><span class='ocrx_word' id='word_1_121' title='bbox 490 2802 494 2805; x_wconf 92' lang='lat'>·</span> <span class='ocrx_word' id='word_1_122' title='bbox 538 2762 640 2835; x_wconf 64' lang='lat' dir='ltr'><strong>brevi</strong></span> <span class='ocrx_word' id='word_1_123' title='bbox 662 2756 806 2834; x_wconf 78' lang='lat' dir='ltr'><strong>morula</strong></span> <span class='ocrx_word' id='word_1_124' title='bbox 831 2752 1028 2851; x_wconf 78' lang='lat' dir='ltr'><strong>transacto,</strong></span> <span class='ocrx_word' id='word_1_125' title='bbox 1053 2760 1099 2833; x_wconf 87' lang='lat' dir='ltr'><strong>ad</strong></span> <span class='ocrx_word' id='word_1_126' title='bbox 1119 2776 1256 2833; x_wconf 88' lang='lat' dir='ltr'><strong>certum</strong></span> <span class='ocrx_word' id='word_1_127' title='bbox 1279 2764 1484 2837; x_wconf 81' lang='lat' dir='ltr'><strong>nunuetum</strong></span> <span class='ocrx_word' id='word_1_128' title='bbox 1508 2776 1597 2834; x_wconf 73' lang='lat' dir='ltr'><strong>cenet</strong></span> 
     </span>
     <span class='ocr_line' id='line_1_18' title="bbox 539 2872 1593 2973; baseline -0.002 -26"><span class='ocrx_word' id='word_1_129' title='bbox 539 2890 653 2947; x_wconf 83' lang='lat' dir='ltr'><strong>teum</strong></span> <span class='ocrx_word' id='word_1_130' title='bbox 669 2874 740 2946; x_wconf 87' lang='lat' dir='ltr'><strong>ioci</strong></span> <span class='ocrx_word' id='word_1_131' title='bbox 764 2872 1003 2945; x_wconf 72' lang='lat' dir='ltr'><strong>munionem</strong></span> <span class='ocrx_word' id='word_1_132' title='bbox 1016 2872 1063 2947; x_wconf 84' lang='lat' dir='ltr'><strong>ob</strong></span> <span class='ocrx_word' id='word_1_133' title='bbox 1081 2872 1244 2946; x_wconf 78' lang='lat' dir='ltr'><strong>hostibus</strong></span> <span class='ocrx_word' id='word_1_134' title='bbox 1264 2888 1475 2973; x_wconf 75' lang='lat' dir='ltr'><strong>occupatam</strong></span> <span class='ocrx_word' id='word_1_135' title='bbox 1492 2872 1593 2966; x_wconf 75' lang='lat' dir='ltr'><strong>iore,</strong></span> 
     </span>
    </p>
   </div>
   <div class='ocr_carea' id='block_1_2' title="bbox 509 3131 1598 3577">
    <p class='ocr_par' dir='ltr' id='par_1_3' title="bbox 509 3131 1598 3577">
     <span class='ocr_line' id='line_1_19' title="bbox 582 3131 1597 3212; baseline 0.002 -15"><span class='ocrx_word' id='word_1_136' title='bbox 582 3142 611 3197; x_wconf 91' lang='lat' dir='ltr'><strong>i-.</strong></span> <span class='ocrx_word' id='word_1_137' title='bbox 633 3134 743 3197; x_wconf 83' lang='lat' dir='ltr'><strong>Robert</strong></span> <span class='ocrx_word' id='word_1_138' title='bbox 756 3131 876 3196; x_wconf 78' lang='lat' dir='ltr'><strong>Blondei</strong></span> <span class='ocrx_word' id='word_1_139' title='bbox 889 3135 986 3212; x_wconf 80' lang='lat' dir='ltr'><strong>ajoutc</strong></span> <span class='ocrx_word' id='word_1_140' title='bbox 1003 3154 1040 3198; x_wconf 83' lang='lat' dir='ltr'><strong>ou</strong></span> <span class='ocrx_word' id='word_1_141' title='bbox 1053 3137 1170 3207; x_wconf 79' lang='lat' dir='ltr'><strong>tnbleeu</strong></span> <span class='ocrx_word' id='word_1_142' title='bbox 1186 3138 1222 3199; x_wconf 84' lang='lat' dir='ltr'><strong>de</strong></span> <span class='ocrx_word' id='word_1_143' title='bbox 1236 3136 1265 3200; x_wconf 79' lang='lat' dir='ltr'><strong>it</strong></span> <span class='ocrx_word' id='word_1_144' title='bbox 1279 3140 1374 3201; x_wconf 75' lang='lat' dir='ltr'><strong>coiere</strong></span> <span class='ocrx_word' id='word_1_145' title='bbox 1387 3136 1426 3199; x_wconf 86' lang='lat' dir='ltr'><strong>du</strong></span> <span class='ocrx_word' id='word_1_146' title='bbox 1438 3138 1510 3199; x_wconf 79' lang='lat' dir='ltr'><strong>mari</strong></span> <span class='ocrx_word' id='word_1_147' title='bbox 1523 3138 1597 3199; x_wconf 74' lang='lat' dir='ltr'><strong>celei</strong></span> 
     </span>
     <span class='ocr_line' id='line_1_20' title="bbox 540 3226 1594 3308; baseline 0 -19"><span class='ocrx_word' id='word_1_148' title='bbox 540 3229 581 3289; x_wconf 81' lang='lat' dir='ltr'><strong>du</strong></span> <span class='ocrx_word' id='word_1_149' title='bbox 593 3228 741 3308; x_wconf 71' lang='lat' dir='ltr'><strong>discopoir</strong></span> <span class='ocrx_word' id='word_1_150' title='bbox 754 3228 792 3288; x_wconf 88' lang='lat' dir='ltr'><strong>de</strong></span> <span class='ocrx_word' id='word_1_151' title='bbox 803 3246 836 3287; x_wconf 77' lang='lat' dir='ltr'><strong>se</strong></span> <span class='ocrx_word' id='word_1_152' title='bbox 847 3226 976 3288; x_wconf 72' lang='lat' dir='ltr'><strong>femme:</strong></span> <span class='ocrx_word' id='word_1_153' title='bbox 994 3254 1008 3282; x_wconf 71' lang='grc' dir='ltr'><strong><em>α</em></strong></span> <span class='ocrx_word' id='word_1_154' title='bbox 1018 3230 1105 3289; x_wconf 76' lang='lat' dir='ltr'><strong>caior</strong></span> <span class='ocrx_word' id='word_1_155' title='bbox 1121 3228 1298 3290; x_wconf 82' lang='lat' dir='ltr'><strong>incredibilis</strong></span> <span class='ocrx_word' id='word_1_156' title='bbox 1312 3244 1344 3290; x_wconf 82' lang='lat' dir='ltr'><strong>et</strong></span> <span class='ocrx_word' id='word_1_157' title='bbox 1361 3247 1468 3291; x_wconf 85' lang='lat' dir='ltr'><strong>moeror</strong></span> <span class='ocrx_word' id='word_1_158' title='bbox 1479 3230 1594 3291; x_wconf 74' lang='lat' dir='ltr'><strong>inaudi-</strong></span> 
     </span>
     <span class='ocr_line' id='line_1_21' title="bbox 509 3318 1597 3401; baseline 0 -22"><span class='ocrx_word' id='word_1_159' title='bbox 509 3340 512 3343; x_wconf 74' lang='grc'><strong><em>’</em></strong></span> <span class='ocrx_word' id='word_1_160' title='bbox 541 3334 604 3394; x_wconf 87' lang='lat' dir='ltr'><strong>tus,</strong></span> <span class='ocrx_word' id='word_1_161' title='bbox 629 3331 714 3379; x_wconf 78' lang='lat' dir='ltr'><strong>tantae</strong></span> <span class='ocrx_word' id='word_1_162' title='bbox 737 3318 780 3377; x_wconf 84' lang='lat' dir='ltr'><strong>rei</strong></span> <span class='ocrx_word' id='word_1_163' title='bbox 799 3318 943 3393; x_wconf 80' lang='lat' dir='ltr'><strong>novitate,</strong></span> <span class='ocrx_word' id='word_1_164' title='bbox 978 3318 1120 3379; x_wconf 77' lang='lat' dir='ltr'>ducissam</span> <span class='ocrx_word' id='word_1_165' title='bbox 1146 3333 1175 3379; x_wconf 86' lang='lat' dir='ltr'><strong>et</strong></span> <span class='ocrx_word' id='word_1_166' title='bbox 1199 3321 1366 3381; x_wconf 77' lang='lat' dir='ltr'><strong>universnm</strong></span> <span class='ocrx_word' id='word_1_167' title='bbox 1384 3320 1522 3401; x_wconf 69' lang='lat' dir='ltr'><strong>intuitione</strong></span> <span class='ocrx_word' id='word_1_168' title='bbox 1541 3335 1597 3401; x_wconf 79' lang='lat' dir='ltr'><strong>op-</strong></span> 
     </span>
     <span class='ocr_line' id='line_1_22' title="bbox 541 3406 1598 3488; baseline 0 -19"><span class='ocrx_word' id='word_1_169' title='bbox 541 3410 654 3488; x_wconf 82' lang='lat' dir='ltr'><strong>pressit.</strong></span> <span class='ocrx_word' id='word_1_170' title='bbox 676 3412 743 3466; x_wconf 78' lang='lat' dir='ltr'><strong>idaec</strong></span> <span class='ocrx_word' id='word_1_171' title='bbox 764 3408 819 3466; x_wconf 92' lang='lat' dir='ltr'><strong>tori</strong></span> <span class='ocrx_word' id='word_1_172' title='bbox 841 3406 922 3465; x_wconf 90' lang='lat' dir='ltr'><strong>ducis</strong></span> <span class='ocrx_word' id='word_1_173' title='bbox 939 3428 1058 3468; x_wconf 85' lang='lat' dir='ltr'><strong>consors</strong></span> <span class='ocrx_word' id='word_1_174' title='bbox 1071 3408 1165 3467; x_wconf 89' lang='lat' dir='ltr'><strong>adhuc</strong></span> <span class='ocrx_word' id='word_1_175' title='bbox 1181 3409 1256 3468; x_wconf 87' lang='lat' dir='ltr'><strong>lecto</strong></span> <span class='ocrx_word' id='word_1_176' title='bbox 1273 3409 1432 3483; x_wconf 81' lang='lat' dir='ltr'><strong>accubens,</strong></span> <span class='ocrx_word' id='word_1_177' title='bbox 1445 3410 1526 3470; x_wconf 83' lang='lat' dir='ltr'><strong>velut</strong></span> <span class='ocrx_word' id='word_1_178' title='bbox 1540 3410 1598 3469; x_wconf 84' lang='lat' dir='ltr'><strong>ire-</strong></span> 
     </span>
     <span class='ocr_line' id='line_1_23' title="bbox 541 3496 1598 3577; baseline -0.001 -19"><span class='ocrx_word' id='word_1_179' title='bbox 541 3500 603 3558; x_wconf 82' lang='lat' dir='ltr'><strong>nesi</strong></span> <span class='ocrx_word' id='word_1_180' title='bbox 625 3510 741 3575; x_wconf 80' lang='lat' dir='ltr'><strong>arrepta</strong></span> <span class='ocrx_word' id='word_1_181' title='bbox 756 3509 785 3555; x_wconf 90' lang='lat' dir='ltr'><strong>et</strong></span> <span class='ocrx_word' id='word_1_182' title='bbox 798 3496 964 3555; x_wconf 80' lang='lat' dir='ltr'><strong>matronalis</strong></span> <span class='ocrx_word' id='word_1_183' title='bbox 977 3496 1101 3576; x_wconf 84' lang='lat' dir='ltr'><strong>pudoris¹</strong></span> <span class='ocrx_word' id='word_1_184' title='bbox 1110 3496 1200 3556; x_wconf 75' lang='lat' dir='ltr'><strong>oblito</strong></span> <span class='ocrx_word' id='word_1_185' title='bbox 1211 3498 1306 3570; x_wconf 89' lang='lat' dir='ltr'><strong>,nuda</strong></span> <span class='ocrx_word' id='word_1_186' title='bbox 1315 3498 1347 3556; x_wconf 91' lang='lat' dir='ltr'><strong>in</strong></span> <span class='ocrx_word' id='word_1_187' title='bbox 1354 3498 1482 3569; x_wconf 80' lang='lat' dir='ltr'><strong>camisio,</strong></span> <span class='ocrx_word' id='word_1_188' title='bbox 1491 3496 1598 3577; x_wconf 79' lang='lat' dir='ltr'><strong>ubsque</strong></span> 
     </span>
    </p>
   </div>
   <div class='ocr_carea' id='block_1_3' title="bbox 446 3584 1597 3665">
    <p class='ocr_par' dir='ltr' id='par_1_4' title="bbox 446 3584 1597 3665">
     <span class='ocr_line' id='line_1_24' title="bbox 446 3584 1597 3665; baseline -0.002 -18"><span class='ocrx_word' id='word_1_189' title='bbox 446 3648 453 3661; x_wconf 67' lang='grc'><em>,</em></span> <span class='ocrx_word' id='word_1_190' title='bbox 542 3600 651 3647; x_wconf 80' lang='lat' dir='ltr'><strong>secretu</strong></span> <span class='ocrx_word' id='word_1_191' title='bbox 677 3586 789 3660; x_wconf 80' lang='lat' dir='ltr'><strong>tunica,</strong></span> <span class='ocrx_word' id='word_1_192' title='bbox 815 3604 833 3644; x_wconf 78' lang='lat' dir='ltr'>a</span> <span class='ocrx_word' id='word_1_193' title='bbox 850 3584 940 3645; x_wconf 84' lang='lat' dir='ltr'><strong>cubili</strong></span> <span class='ocrx_word' id='word_1_194' title='bbox 958 3586 1098 3665; x_wconf 79' lang='lat' dir='ltr'><strong>prosiliit,</strong></span> <span class='ocrx_word' id='word_1_195' title='bbox 1115 3598 1144 3645; x_wconf 78' lang='lat' dir='ltr'><strong>ot</strong></span> <span class='ocrx_word' id='word_1_196' title='bbox 1156 3587 1243 3646; x_wconf 77' lang='lat' dir='ltr'><strong>tnxio</strong></span> <span class='ocrx_word' id='word_1_197' title='bbox 1256 3587 1357 3647; x_wconf 80' lang='lat' dir='ltr'><strong>dolore</strong></span> <span class='ocrx_word' id='word_1_198' title='bbox 1370 3599 1530 3660; x_wconf 82' lang='lat' dir='ltr'><strong>commota,</strong></span> <span class='ocrx_word' id='word_1_199' title='bbox 1546 3606 1597 3645; x_wconf 83' lang='lat' dir='ltr'><strong>ex·</strong></span> 
     </span>
    </p>
   </div>
   <div class='ocr_carea' id='block_1_4' title="bbox 542 3672 1603 4651">
    <p class='ocr_par' dir='ltr' id='par_1_5' title="bbox 542 3672 1603 4651">
     <span class='ocr_line' id='line_1_25' title="bbox 542 3672 1599 3755; baseline -0.001 -19"><span class='ocrx_word' id='word_1_200' title='bbox 542 3678 671 3737; x_wconf 80' lang='lat' dir='ltr'><strong>clamet:</strong></span> <span class='ocrx_word' id='word_1_201' title='bbox 697 3702 713 3730; x_wconf 76' lang='grc' dir='ltr'>ι</span> <span class='ocrx_word' id='word_1_202' title='bbox 726 3676 818 3749; x_wconf 78' lang='lat' dir='ltr'><strong>Hujus</strong></span> <span class='ocrx_word' id='word_1_203' title='bbox 840 3674 960 3734; x_wconf 81' lang='lat' dir='ltr'>ducatus</span> <span class='ocrx_word' id='word_1_204' title='bbox 987 3672 1084 3735; x_wconf 89' lang='lat' dir='ltr'><strong>omnia</strong></span> <span class='ocrx_word' id='word_1_205' title='bbox 1106 3696 1236 3755; x_wconf 83' lang='lat' dir='ltr'><strong>possessa</strong></span> <span class='ocrx_word' id='word_1_206' title='bbox 1256 3676 1318 3736; x_wconf 87' lang='lat' dir='ltr'><strong>haec</strong></span> <span class='ocrx_word' id='word_1_207' title='bbox 1339 3696 1501 3736; x_wconf 82' lang='lat' dir='ltr'><strong>aerumnosa</strong></span> <span class='ocrx_word' id='word_1_208' title='bbox 1524 3676 1599 3735; x_wconf 74' lang='lat' dir='ltr'><strong>vilic</strong></span> 
     </span>
     <span class='ocr_line' id='line_1_26' title="bbox 545 3765 1598 3845; baseline 0.004 -26"><span class='ocrx_word' id='word_1_209' title='bbox 545 3792 560 3819; x_wconf 69' lang='lat' dir='ltr'><strong>e</strong></span> <span class='ocrx_word' id='word_1_210' title='bbox 575 3767 669 3845; x_wconf 82' lang='lat' dir='ltr'><strong>captio</strong></span> <span class='ocrx_word' id='word_1_211' title='bbox 694 3766 725 3823; x_wconf 92' lang='lat' dir='ltr'><strong>in</strong></span> <span class='ocrx_word' id='word_1_212' title='bbox 746 3765 939 3823; x_wconf 81' lang='lat' dir='ltr'><strong>miserandum</strong></span> <span class='ocrx_word' id='word_1_213' title='bbox 961 3766 1171 3843; x_wconf 82' lang='lat' dir='ltr'><strong>perditionem,</strong></span> <span class='ocrx_word' id='word_1_214' title='bbox 1196 3779 1315 3841; x_wconf 80' lang='lat' dir='ltr'><strong>cuncto,</strong></span> <span class='ocrx_word' id='word_1_215' title='bbox 1334 3785 1394 3824; x_wconf 93' lang='lat' dir='ltr'><strong>non</strong></span> <span class='ocrx_word' id='word_1_216' title='bbox 1417 3776 1598 3845; x_wconf 68' lang='lat' dir='ltr'><strong>exspectata,</strong></span> 
     </span>
     <span class='ocr_line' id='line_1_27' title="bbox 545 3853 1600 3931; baseline 0 -20"><span class='ocrx_word' id='word_1_217' title='bbox 545 3881 560 3907; x_wconf 73' lang='grc' dir='ltr'><strong>α</strong></span> <span class='ocrx_word' id='word_1_218' title='bbox 576 3854 686 3913; x_wconf 74' lang='lat' dir='ltr'><strong>trehet!</strong></span> <span class='ocrx_word' id='word_1_219' title='bbox 702 3882 714 3905; x_wconf 69' lang='lat' dir='ltr'><strong>n</strong></span> <span class='ocrx_word' id='word_1_220' title='bbox 732 3857 771 3912; x_wconf 76' lang='lat' dir='ltr'><strong>At</strong></span> <span class='ocrx_word' id='word_1_221' title='bbox 789 3873 955 3931; x_wconf 81' lang='lat' dir='ltr'><strong>quanquam</strong></span> <span class='ocrx_word' id='word_1_222' title='bbox 976 3854 1099 3913; x_wconf 81' lang='lat' dir='ltr'><strong>adversa</strong></span> <span class='ocrx_word' id='word_1_223' title='bbox 1120 3866 1214 3927; x_wconf 84' lang='lat' dir='ltr'><strong>sorte,</strong></span> <span class='ocrx_word' id='word_1_224' title='bbox 1236 3872 1296 3913; x_wconf 89' lang='lat' dir='ltr'><strong>uon</strong></span> <span class='ocrx_word' id='word_1_225' title='bbox 1315 3854 1496 3913; x_wconf 84' lang='lat' dir='ltr'><strong>mediocriter</strong></span> <span class='ocrx_word' id='word_1_226' title='bbox 1513 3853 1600 3913; x_wconf 78' lang='lat' dir='ltr'><strong>Gallis</strong></span> 
     </span>
     <span class='ocr_line' id='line_1_28' title="bbox 542 3942 1599 4024; baseline -0.002 -23"><span class='ocrx_word' id='word_1_227' title='bbox 542 3942 661 4019; x_wconf 78' lang='lat' dir='ltr'><strong>infesto,</strong></span> <span class='ocrx_word' id='word_1_228' title='bbox 679 3944 867 4016; x_wconf 82' lang='lat' dir='ltr'><strong>cruciaretur,</strong></span> <span class='ocrx_word' id='word_1_229' title='bbox 887 3956 983 4002; x_wconf 80' lang='lat' dir='ltr'><strong>tomen</strong></span> <span class='ocrx_word' id='word_1_230' title='bbox 1004 3964 1073 4023; x_wconf 84' lang='lat' dir='ltr'><strong>erga</strong></span> <span class='ocrx_word' id='word_1_231' title='bbox 1084 3944 1251 4024; x_wconf 81' lang='lat' dir='ltr'><strong>magistrum</strong></span> <span class='ocrx_word' id='word_1_232' title='bbox 1263 3942 1424 4002; x_wconf 74' lang='lat' dir='ltr'><strong>iohannem</strong></span> <span class='ocrx_word' id='word_1_233' title='bbox 1438 3944 1599 4021; x_wconf 78' lang='lat' dir='ltr'><strong>Tysseigne,</strong></span> 
     </span>
     <span class='ocr_line' id='line_1_29' title="bbox 544 4030 1600 4113; baseline 0.003 -24"><span class='ocrx_word' id='word_1_234' title='bbox 544 4030 687 4091; x_wconf 88' lang='lat' dir='ltr'><strong>medicum</strong></span> <span class='ocrx_word' id='word_1_235' title='bbox 706 4031 841 4106; x_wconf 80' lang='lat' dir='ltr'><strong>Gallum,</strong></span> <span class='ocrx_word' id='word_1_236' title='bbox 858 4044 926 4091; x_wconf 90' lang='lat' dir='ltr'><strong>tnnc</strong></span> <span class='ocrx_word' id='word_1_237' title='bbox 952 4033 1026 4091; x_wconf 81' lang='lat' dir='ltr'><strong>hanc</strong></span> <span class='ocrx_word' id='word_1_238' title='bbox 1046 4033 1077 4091; x_wconf 92' lang='lat' dir='ltr'><strong>in</strong></span> <span class='ocrx_word' id='word_1_239' title='bbox 1104 4032 1230 4093; x_wconf 77' lang='lat' dir='ltr'><strong>titularno</strong></span> <span class='ocrx_word' id='word_1_240' title='bbox 1252 4034 1430 4107; x_wconf 75' lang='lat' dir='ltr'><strong>visitantem,</strong></span> <span class='ocrx_word' id='word_1_241' title='bbox 1456 4033 1600 4113; x_wconf 71' lang='lat' dir='ltr'><strong>egregium</strong></span> 
     </span>
     <span class='ocr_line' id='line_1_30' title="bbox 544 4120 1599 4202; baseline 0.002 -24"><span class='ocrx_word' id='word_1_242' title='bbox 544 4120 662 4179; x_wconf 80' lang='lat' dir='ltr'><strong>retinuit</strong></span> <span class='ocrx_word' id='word_1_243' title='bbox 688 4120 833 4199; x_wconf 79' lang='lat' dir='ltr'><strong>pietatem.</strong></span> <span class='ocrx_word' id='word_1_244' title='bbox 864 4124 932 4179; x_wconf 86' lang='lat' dir='ltr'><strong>iiaec</strong></span> <span class='ocrx_word' id='word_1_245' title='bbox 960 4120 1093 4180; x_wconf 84' lang='lat' dir='ltr'><strong>maritum</strong></span> <span class='ocrx_word' id='word_1_246' title='bbox 1116 4141 1291 4202; x_wconf 80' lang='lat' dir='ltr'><strong>cognoscens</strong></span> <span class='ocrx_word' id='word_1_247' title='bbox 1308 4120 1436 4182; x_wconf 72' lang='lat' dir='ltr'><strong>adversis</strong></span> <span class='ocrx_word' id='word_1_248' title='bbox 1451 4122 1599 4194; x_wconf 82' lang='lat' dir='ltr'><strong>insanum,</strong></span> 
     </span>
     <span class='ocr_line' id='line_1_31' title="bbox 545 4206 1601 4289; baseline 0.001 -22"><span class='ocrx_word' id='word_1_249' title='bbox 545 4210 569 4268; x_wconf 80' lang='lat' dir='ltr'><strong>si</strong></span> <span class='ocrx_word' id='word_1_250' title='bbox 594 4224 715 4289; x_wconf 70' lang='lat' dir='ltr'><strong>nsquam</strong></span> <span class='ocrx_word' id='word_1_251' title='bbox 734 4208 803 4267; x_wconf 87' lang='lat' dir='ltr'><strong>huic</strong></span> <span class='ocrx_word' id='word_1_252' title='bbox 827 4210 901 4268; x_wconf 83' lang='lat' dir='ltr'><strong>forte</strong></span> <span class='ocrx_word' id='word_1_253' title='bbox 928 4222 1111 4287; x_wconf 84' lang='lat' dir='ltr'><strong>occurreret,</strong></span> <span class='ocrx_word' id='word_1_254' title='bbox 1135 4206 1278 4270; x_wconf 85' lang='lat' dir='ltr'><strong>medicum</strong></span> <span class='ocrx_word' id='word_1_255' title='bbox 1307 4210 1463 4271; x_wconf 81' lang='lat' dir='ltr'><strong>cmdeiiter</strong></span> <span class='ocrx_word' id='word_1_256' title='bbox 1481 4222 1601 4271; x_wconf 79' lang='lat' dir='ltr'><strong>necetu-</strong></span> 
     </span>
     <span class='ocr_line' id='line_1_32' title="bbox 544 4298 1601 4378; baseline -0.001 -19"><span class='ocrx_word' id='word_1_257' title='bbox 544 4298 835 4378; x_wconf 23' lang='lat' dir='ltr'><strong>rutn1„qnemobtcm</strong></span> <span class='ocrx_word' id='word_1_258' title='bbox 860 4299 935 4357; x_wconf 88' lang='lat' dir='ltr'><strong>inter</strong></span> <span class='ocrx_word' id='word_1_259' title='bbox 956 4300 1081 4369; x_wconf 78' lang='lat' dir='ltr'><strong>cortinas</strong></span> <span class='ocrx_word' id='word_1_260' title='bbox 1095 4301 1151 4359; x_wconf 85' lang='lat' dir='ltr'><strong>toti</strong></span> <span class='ocrx_word' id='word_1_261' title='bbox 1166 4298 1292 4373; x_wconf 81' lang='lat' dir='ltr'><strong>latittrc,</strong></span> <span class='ocrx_word' id='word_1_262' title='bbox 1309 4312 1342 4360; x_wconf 89' lang='lat' dir='ltr'><strong>ut</strong></span> <span class='ocrx_word' id='word_1_263' title='bbox 1363 4300 1448 4366; x_wconf 68' lang='lat' dir='ltr'><strong>saluti</strong></span> <span class='ocrx_word' id='word_1_264' title='bbox 1469 4300 1601 4359; x_wconf 77' lang='lat' dir='ltr'><strong>contuie-</strong></span> 
     </span>
     <span class='ocr_line' id='line_1_33' title="bbox 545 4388 1602 4465; baseline -0.001 -18"><span class='ocrx_word' id='word_1_265' title='bbox 545 4400 606 4459; x_wconf 87' lang='lat' dir='ltr'><strong>ret,</strong></span> <span class='ocrx_word' id='word_1_266' title='bbox 632 4402 661 4448; x_wconf 86' lang='lat' dir='ltr'><strong>et</strong></span> <span class='ocrx_word' id='word_1_267' title='bbox 681 4389 819 4449; x_wconf 81' lang='lat' dir='ltr'><strong>abscondi</strong></span> <span class='ocrx_word' id='word_1_268' title='bbox 851 4389 949 4464; x_wconf 86' lang='lat' dir='ltr'><strong>jussit,</strong></span> <span class='ocrx_word' id='word_1_269' title='bbox 985 4390 1076 4449; x_wconf 86' lang='lat' dir='ltr'><strong>donec</strong></span> <span class='ocrx_word' id='word_1_270' title='bbox 1107 4388 1279 4450; x_wconf 77' lang='lat' dir='ltr'><strong>furibundus</strong></span> <span class='ocrx_word' id='word_1_271' title='bbox 1300 4391 1406 4465; x_wconf 85' lang='lat' dir='ltr'><strong>conjux</strong></span> <span class='ocrx_word' id='word_1_272' title='bbox 1425 4390 1602 4449; x_wconf 81' lang='lat' dir='ltr'><strong>aliorsume</strong></span> 
     </span>
     <span class='ocr_line' id='line_1_34' title="bbox 545 4475 1603 4561; baseline 0.002 -26"><span class='ocrx_word' id='word_1_273' title='bbox 545 4475 677 4536; x_wconf 79' lang='lat' dir='ltr'><strong>conclavi</strong></span> <span class='ocrx_word' id='word_1_274' title='bbox 698 4481 832 4542; x_wconf 79' lang='lat' dir='ltr'><strong>evaserit.</strong></span> <span class='ocrx_word' id='word_1_275' title='bbox 855 4480 959 4561; x_wconf 77' lang='lat' dir='ltr'><strong>Anglio</strong></span> <span class='ocrx_word' id='word_1_276' title='bbox 983 4480 1060 4541; x_wconf 86' lang='lat' dir='ltr'><strong>enirn</strong></span> <span class='ocrx_word' id='word_1_277' title='bbox 1075 4478 1179 4558; x_wconf 74' lang='lat' dir='ltr'><strong>impios</strong></span> <span class='ocrx_word' id='word_1_278' title='bbox 1193 4480 1271 4538; x_wconf 79' lang='lat' dir='ltr'><strong>viros</strong></span> <span class='ocrx_word' id='word_1_279' title='bbox 1286 4492 1316 4539; x_wconf 86' lang='lat' dir='ltr'><strong>et</strong></span> <span class='ocrx_word' id='word_1_280' title='bbox 1328 4479 1494 4555; x_wconf 79' lang='lat' dir='ltr'><strong>malefidos,</strong></span> <span class='ocrx_word' id='word_1_281' title='bbox 1508 4477 1603 4539; x_wconf 75' lang='lat' dir='ltr'><strong>stemi-</strong></span> 
     </span>
     <span class='ocr_line' id='line_1_35' title="bbox 545 4566 1602 4651; baseline 0.001 -27"><span class='ocrx_word' id='word_1_282' title='bbox 545 4578 598 4624; x_wconf 77' lang='lat' dir='ltr'><strong>nas</strong></span> <span class='ocrx_word' id='word_1_283' title='bbox 628 4584 699 4625; x_wconf 80' lang='lat' dir='ltr'><strong>vero</strong></span> <span class='ocrx_word' id='word_1_284' title='bbox 719 4569 823 4647; x_wconf 75' lang='lat' dir='ltr'><strong>pietate</strong></span> <span class='ocrx_word' id='word_1_285' title='bbox 843 4570 970 4651; x_wconf 77' lang='lat' dir='ltr'><strong>insignes</strong></span> <span class='ocrx_word' id='word_1_286' title='bbox 991 4581 1021 4628; x_wconf 84' lang='lat' dir='ltr'><strong>et</strong></span> <span class='ocrx_word' id='word_1_287' title='bbox 1035 4566 1111 4629; x_wconf 85' lang='lat' dir='ltr'><strong>bene</strong></span> <span class='ocrx_word' id='word_1_288' title='bbox 1134 4566 1205 4627; x_wconf 80' lang='lat' dir='ltr'><strong>fidus</strong></span> <span class='ocrx_word' id='word_1_289' title='bbox 1231 4568 1315 4648; x_wconf 78' lang='lat' dir='ltr'><strong>parit</strong></span> <span class='ocrx_word' id='word_1_290' title='bbox 1340 4594 1354 4623; x_wconf 78' lang='grc' dir='ltr'>ι</span> <span class='ocrx_word' id='word_1_291' title='bbox 1381 4573 1506 4629; x_wconf 78' lang='lat' dir='ltr'><strong>Assertio</strong></span> <span class='ocrx_word' id='word_1_292' title='bbox 1526 4572 1602 4629; x_wconf 52' lang='lat' dir='ltr'><strong>Nor*</strong></span> 
     </span>
    </p>
   </div>
   <div class='ocr_carea' id='block_1_5' title="bbox 546 4654 1560 4745">
    <p class='ocr_par' dir='ltr' id='par_1_6' title="bbox 546 4654 1560 4745">
     <span class='ocr_line' id='line_1_36' title="bbox 546 4654 1560 4745; baseline 0.006 -34"><span class='ocrx_word' id='word_1_293' title='bbox 546 4659 677 4728; x_wconf 67' lang='lat' dir='ltr'><strong>monuit,</strong></span> <span class='ocrx_word' id='word_1_294' title='bbox 692 4654 713 4714; x_wconf 91' lang='lat' dir='ltr'><strong>l.</strong></span> <span class='ocrx_word' id='word_1_295' title='bbox 728 4660 754 4732; x_wconf 89' lang='lat'><strong>1,</strong></span> <span class='ocrx_word' id='word_1_296' title='bbox 769 4678 795 4716; x_wconf 90' lang='lat' dir='ltr'><strong>c.</strong></span> <span class='ocrx_word' id='word_1_297' title='bbox 809 4678 874 4719; x_wconf 84' lang='lat' dir='ltr'><strong>rm.</strong></span> <span class='ocrx_word' id='word_1_298' title='bbox 1547 4712 1560 4745; x_wconf 74' lang='lat' dir='ltr'><strong>e</strong></span> 
     </span>
    </p>
   </div>
   <div class='ocr_carea' id='block_1_6' title="bbox 0 0 1986 5892">
    <p class='ocr_par' dir='ltr' id='par_1_7' title="bbox 0 0 1986 5892">
     <span class='ocr_line' id='line_1_37' title="bbox 0 0 1986 5892; baseline 0 0"><span class='ocrx_word' id='word_1_299' title='bbox 0 0 1986 5892; x_wconf 95' lang='lat' dir='ltr'><strong> </strong></span> 
     </span>
    </p>
   </div>
  </div>
 </body>
</html>
