3892 5892
485 872 543 931 108
768 865 1026 931 fllsxomxtttm
1046 864 1183 930 cauom
1201 870 1256 928 vll

485 998 569 1067 rum‘
591 991 723 1065 militiae
750 992 842 1083 dux,
870 993 987 1066 dictus
1004 993 1184 1065 dominus
1208 992 1254 1066 de
1276 990 1397 1065 Scales
1426 1012 1548 1065 :naor

485 1108 606 1181 multis
625 1133 752 1181 eorum
771 1110 867 1182 caesis
885 1125 938 1195 et,
964 1122 1006 1180 ut
1021 1109 1115 1181 sama
1130 1124 1224 1201 erat,
1248 1108 1295 1181 ad
1317 1124 1472 1207 quatuor
1488 1123 1551 1180 aut

486 1226 645 1323 quinque
667 1223 776 1297 millia
795 1226 973 1312 virorum,
992 1223 1200 1321 hujusmodi
1219 1222 1393 1297 tumultus
1410 1248 1549 1324 repres-

485 1365 546 1412 sus
562 1344 634 1430 es't,
652 1338 915 1439 superstitibus,
937 1340 1092 1439 praestita
1111 1339 1318 1431 securitate,
1339 1338 1385 1412 ad
1402 1338 1550 1438 propria

486 1456 673 1527 revocatis.

536 1574 580 1642 Et
608 1569 663 1641 hae
689 1568 837 1667 quidem
865 1568 977 1641 turbae
1007 1569 1101 1642 circa
1126 1584 1291 1669 tempora
1313 1569 1373 1651 illa
1396 1568 1550 1641 emerse-

487 1700 589 1775 runt,
618 1683 766 1781 quibus,
792 1709 859 1782 pro
885 1708 972 1783 pace
1000 1683 1205 1775 tractanda,
1230 1683 1328 1783 apud
1345 1681 1549 1756 Atrebatum

487 1815 700 1894 conventus,
716 1790 852 1898 de⁴quo
865 1800 1033 1892 diximus,
1046 1804 1225 1875 exstiterat
1240 1799 1452 1872 celebratus.
1466 1802 1552 1872 Post

488 1913 695 2011 hujusmodi
710 1917 808 2003 eninr
824 1932 1064 2008 conventum,
1085 1942 1169 1990 curn
1185 1919 1223 1989 in
1239 1941 1285 1990 eo
1303 1916 1439 2013 anglici
1454 1916 1552 2015 pacis

487 2031 714 2108 conditiones
731 2058 858 2106 omnes
873 2051 1096 2108 recusassent
1118 2034 1272 2127 oblatas,
1291 2031 1417 2133 populi
1439 2038 1553 2105 Fran-

489 2148 551 2220 ciae
573 2164 609 2221 et
634 2150 861 2223 Normanniae
888 2151 950 2249 qui
974 2149 1042 2223 sub
1075 2176 1202 2223 eorum
1232 2147 1475 2222 consistebant
1499 2149 1554 2221 di·

489 2262 602 2354 tione,
622 2264 759 2361 majore
775 2290 859 2363 erga
875 2290 937 2338 eos
964 2264 1051 2338 odio
1068 2280 1294 2366 exarserunt,
1315 2265 1554 2336 existimantes

489 2403 534 2454 se,
548 2393 728 2477 perpetuae
746 2379 908 2454 addictos
928 2381 1077 2453 miseriae
1098 2381 1271 2479 quamdiu
1290 2378 1358 2452 sub
1378 2380 1429 2452 eis
1451 2381 1552 2477 rege-

489 2509 627 2584 rentur,
649 2520 712 2567 eos
739 2494 845 2597 solito
873 2496 1014 2593 gravius
1040 2496 1280 2592 affligentibus
1304 2496 1466 2582 Francis,
1491 2498 1553 2593 qui

486 2610 561 2707 jam
578 2611 626 2683 ad
639 2612 910 2709 Burgundiones
926 2612 1062 2711 pacati,
1079 2627 1205 2685 contra
1222 2612 1318 2684 solos
1335 2610 1466 2709 anglos
1481 2634 1554 2682 cer·

490 2742 611 2801 tamen
621 2726 815 2801 habebant.
828 2727 1008 2803 Putabant
1017 2730 1114 2800 enim
1123 2744 1158 2801 et
1168 2753 1248 2801 eam
1256 2728 1555 2801 existimationem

491 2843 537 2915 de
555 2846 675 2941 Anglis
694 2859 927 2944 acceperant,
950 2844 1013 2941 qui
1033 2843 1102 2916 sub
1128 2846 1246 2943 Anglis
1267 2846 1393 2918 Franci
1417 2844 1556 2917 detine·

490 2960 636 3049 bantur,
654 2958 743 3034 dum
758 2959 923 3033 viderent
938 2985 1001 3033 eos
1019 2962 1117 3065 pacis
1129 2986 1250 3059 aequas
1266 2977 1302 3034 et
1326 2959 1555 3035 rationabiles

491 3075 587 3171 leges
598 3076 853 3174 contempsisse
871 3076 908 3147 iu
924 3076 1095 3175 praedicto
1114 3092 1294 3151 conventu
1313 3075 1553 3163 Atrebatensi,

492 3192 592 3291 quod
609 3217 684 3265 non
699 3207 898 3291 quaererent
913 3193 1103 3268 utilitatem
1119 3191 1243 3294 patriae
1260 3207 1296 3266 et
1310 3192 1555 3291 subjectorum

493 3310 669 3406 quietem,
690 3311 752 3407 qui
764 3310 840 3406 jam
856 3310 1098 3407 annisviginti
1113 3324 1150 3383 et
1165 3309 1317 3409 amplius
1331 3310 1468 3407 absque
1484 3305 1556 3379 ulla
1581 3364 1587 3375 ,

493 3425 710 3499 relaxatione
727 3427 898 3499 continue
912 3425 1093 3500 bellorum
1116 3424 1377 3498 calamitatibus
1390 3422 1457 3495 sub
1472 3422 1557 3522 ipsis

493 3539 615 3613 alllicti
630 3540 788 3630 fuerant,
801 3542 866 3614 sed
874 3542 995 3640 potius
1006 3539 1106 3638 quod
1115 3566 1157 3612 ex
1170 3541 1231 3613 illo
1243 3541 1442 3614 inveterato
1453 3536 1554 3629 odio,

494 3657 595 3753 quod
611 3659 661 3730 eis
677 3658 841 3729 innatum
858 3670 912 3729 est
927 3656 975 3729 ad
991 3662 1212 3729 Francorum
1225 3670 1385 3754 gentem,
1400 3680 1463 3727 eos
1478 3679 1559 3753 per·

494 3773 610 3872 petuis
624 3773 772 3851 miseriis
783 3787 820 3844 et
832 3772 1001 3844 aerumnis
1015 3771 1147 3845 vellent
1158 3770 1344 3845 exitialiter
1353 3770 1532 3844 conficere
1544 3796 1555 3863 3

495 3903 531 3961 et
545 3890 714 3986 utrinque
729 3886 775 3958 de
787 3889 1006 3979 seinvicem,
1021 3890 1147 3961 Franci
1158 3904 1194 3961 et
1208 3889 1356 3985 Anglici,
1369 3889 1559 3987 pessimam

494 4003 668 4078 habentes
677 4004 904 4103 opinionem,
917 4004 1052 4075 mutuis
1063 4004 1101 4075 iu
1112 4028 1189 4077 sese
1201 4002 1293 4076 odiis
1305 4019 1340 4077 et
1352 4003 1560 4077 diffidentiis

495 4120 656 4223 quotidie
681 4121 793 4217 magis
819 4144 862 4194 ac
886 4120 999 4219 magis
1023 4117 1313 4193 accendebantur
1335 4135 1372 4195 et
1397 4120 1558 4195 inardes-

396 4252 398 4255 ’
495 4234 636 4308 cebant.
