3892 5892
558 881 616 936 288
848 879 1104 938 mstoalaatttt
1122 878 1258 937 cattont
1278 881 1329 937 vn

558 1002 737 1101 phorum,
751 1001 928 1073 honorem
943 1002 1051 1074 etlam
1066 1000 1103 1073 in
1117 1025 1162 1073 eo
1175 1025 1275 1095 esse,
1287 1001 1349 1098 qui
1363 1025 1449 1074 eum
1468 1004 1620 1076 merenti

559 1113 754 1186 exhiberet.
774 1119 865 1206 Nec,
885 1138 969 1185 cum
991 1114 1094 1186 simul
1115 1138 1341 1211 quocumque
1367 1114 1621 1212 adequitarent

559 1255 620 1302 seu
649 1229 894 1316 ambularent,
920 1230 989 1300 nisi
1013 1229 1060 1302 ad
1085 1229 1269 1301 dexterum
1295 1228 1388 1302 latus
1412 1255 1501 1302 eum
1528 1244 1620 1302 stare

559 1345 736 1443 permisit,
752 1346 802 1417 ita
824 1346 930 1418 etiam
949 1357 1008 1436 ut,
1028 1345 1136 1442 ipsius
1152 1345 1352 1442 posteriora
1368 1345 1568 1416 adservans
1587 1357 1622 1415 et

558 1461 706 1556 vestigia
722 1462 893 1557 sequens,
915 1473 1224 1557 nunquamcaput
1242 1459 1335 1556 ejus,
1358 1461 1417 1532 oui
1436 1458 1621 1552 insidebat

560 1573 663 1670 equi,
691 1573 910 1670 permitteret
932 1571 1086 1650 caudam
1115 1571 1226 1662 illius,
1256 1573 1314 1644 cui
1338 1573 1514 1646 insideret
1540 1572 1621 1644 Del·

441 1745 447 1756 .
559 1689 708 1787 phinus,
731 1686 961 1785 pertransire.

608 1803 727 1875 Sedet
743 1801 936 1877 cumidem
956 1801 1174 1900 Delphinus,
1194 1805 1311 1875 statim
1332 1817 1373 1874 ut
1394 1804 1616 1892 abcesserat,

561 1933 659 2017 patre
672 1931 869 2015 occupante
884 1918 994 1990 totius
1011 1919 1065 1990 sui
1084 1917 1311 2018 delphinatus
1327 1921 1616 2016 possessionem,

560 2049 596 2105 et
623 2031 795 2104 fructibus
818 2033 1122 2131 pensionibusque
1142 2034 1338 2127 universis,
1362 2060 1453 2132 quas
1475 2062 1498 2107 a
1521 2049 1618 2134 patre

559 2173 625 2250 per
654 2162 758 2220 antea
785 2150 970 2249 percipere
1001 2164 1253 2240 consueverat,
1283 2151 1403 2223 fuisset
1436 2151 1616 2239 nudatus,

559 2265 721 2364 nihilque
751 2267 901 2338 omnino
929 2268 1063 2365 proprii
1087 2268 1177 2363 juris
1202 2268 1379 2365 reliquum
1404 2268 1474 2341 sibi
1501 2279 1615 2350 esset,

560 2380 668 2453 talem
686 2379 961 2453 subventionem
987 2381 1033 2452 ab
1056 2380 1186 2454 eodem
1211 2381 1510 2479 Burgundionum
1528 2379 1617 2450 duce

561 2508 706 2593 tamque
728 2495 977 2567 honorabilem
1001 2479 1043 2567 ac
1075 2493 1300 2590 magnificam
1327 2511 1510 2568 assecutus
1545 2505 1615 2581 est,

561 2637 639 2711 quae
652 2613 811 2712 prolecto
822 2614 868 2686 ad
880 2629 1042 2713 sumptus
1058 2613 1176 2709 magni
1188 2611 1373 2706 cujusdam
1387 2614 1478 2709 regis
1491 2609 1616 2684 merito

561 2727 723 2800 sufficere
738 2730 923 2826 potuisset.
941 2732 1121 2800 Menstrua
1139 2728 1235 2798 enim
1253 2727 1319 2798 tria
1332 2726 1439 2800 millia
1456 2727 1616 2825 equitum

561 2845 615 2917 vel
637 2845 805 2915 leonum¹
822 2843 1066 2941 percipiebat,
1096 2845 1236 2940 quaein
1262 2867 1358 2915 anuo
1385 2847 1532 2940 triginta
1559 2861 1616 2910 ses

562 2958 658 3030 mille
673 2980 851 3028 summam
867 2955 1118 3028 conficiebant.
1146 2957 1250 3030 Unde
1277 2959 1374 3031 idem
1398 2958 1612 3057 Delphinus,

561 3096 645 3144 cum
669 3084 767 3142 tanta
781 3094 819 3141 se
839 3069 1087 3143 benevolentia
1104 3088 1292 3171 exceptum
1315 3087 1615 3171 procuratumque

560 3186 802 3284 conspiceret,
825 3209 927 3256 suam
943 3185 1050 3257 etiam
1067 3188 1258 3283 conjugem
1272 3187 1333 3259 illo
1351 3187 1397 3260 ad
1415 3213 1452 3260 sc
1467 3182 1615 3262 adscivit

560 3319 595 3375 et
612 3302 753 3375 attraxit
762 3330 773 3393 ς
790 3327 917 3399 exque
933 3302 1022 3374 inibi
1038 3303 1229 3376 nonnullas
1241 3307 1360 3402 proles
1375 3307 1543 3403 suscepit.

609 3420 757 3493 Carolus
772 3445 857 3493 vero
874 3445 954 3509 rex,
983 3421 1046 3516 qui
1065 3421 1123 3491 vix
1143 3443 1328 3518 nunquam
1348 3446 1439 3494 verae
1456 3415 1630 3493 amicitie·

561 3535 707 3631 alicujus
722 3535 770 3607 ad
785 3535 969 3632 praefatum
985 3535 1281 3632 Burgundionum
1298 3536 1428 3609 ducem
1444 3535 1611 3608 indicium

562 3649 737 3739 ostendit,
755 3649 820 3720 sed
832 3675 916 3720 eum
931 3649 999 3721 sibi
1018 3650 1173 3722 invisum
1197 3667 1471 3750 suspectumque
1497 3648 1612 3750 potius

560 3792 701 3864 semper
715 3766 893 3853 exsistere,
910 3765 1016 3837 talem
1033 3764 1108 3837 lilio
1125 3790 1204 3854 suo,
1222 3793 1242 3839 a
1258 3793 1295 3840 se
1309 3767 1473 3866 profugo,
1489 3763 1610 3838 inobe-

561 3882 672 3955 dienti
689 3896 726 3954 et
742 3883 965 3971 contumaci,
987 3880 1274 3956 benevolentiam
1288 3907 1329 3956 ac
1345 3882 1611 3955 beneficentiam

561 3996 734 4070 exhibitas
754 3997 934 4092 aegerrime
952 3995 1043 4067 tulit.
1071 3999 1160 4067 Nam
1185 4022 1270 4069 cum
1291 3997 1451 4093 ejusdem
1474 3996 1536 4069 filii
1561 3986 1611 4065 sui

560 4137 692 4184 saevum
708 4135 792 4208 erga
807 4135 845 4182 se
868 4125 902 4182 et
921 4109 1180 4186 intractabilem
1200 4113 1360 4184 animum
1386 4121 1608 4208 agnosceret,

560 4252 671 4324 quem
696 4225 743 4299 ad
762 4251 874 4299 novas
900 4248 955 4297 res
981 4225 1180 4298 moliendas
1213 4224 1409 4324 proclivem
1434 4250 1509 4300 esse
1532 4218 1609 4298 satis

602 4525 631 4579 l.
657 4522 768 4581 «Trois
790 4522 869 4582 mille
890 4521 1003 4581 ridders
1023 4522 1211 4596 (cavallera),
1233 4541 1272 4580 ou
1291 4519 1367 4582 lions
1387 4520 1424 4580 de
1441 4520 1577 4592 flandre,
1594 4536 1607 4562 ¹

563 4609 712 4670 mounaies
725 4609 788 4668 d’or
809 4610 845 4672 de
858 4631 892 4670 oe
906 4610 1054 4689 temps-la.
