3892 5892
543 846 602 903 222
830 841 1087 902 fflswtualtuta
1107 842 1242 903 mou
1262 842 1315 899 vn

544 964 651 1056 Quod
667 978 809 1037 strenue
827 980 862 1037 et
879 966 1040 1039 alacriter
1055 992 1271 1065 exsequens,
1291 979 1328 1038 et
1343 966 1612 1039 Normanniam

536 1080 750 1154 ‘inferiorem
777 1074 973 1178 ingressus,
1001 1080 1136 1181 absque
1157 1082 1229 1157 ulla
1260 1082 1457 1155 resistentia
1480 1083 1612 1155 civita-

546 1213 619 1270 tem
628 1183 956 1289 constantiensem,
964 1184 1120 1271 castrum
1131 1200 1236 1273 Viriae
1244 1202 1267 1290 ¹,
1281 1197 1457 1298 oppidum
1467 1199 1612 1270 Sancti-

546 1314 673 1407 Laudi,
689 1315 944 1387 Carantonium
958 1328 995 1386 et
1011 1313 1208 1403 Valouias',
1224 1306 1436 1412 uilleyum,
1450 1328 1611 1387 castrum

548 1431 707 1531 episcopi
733 1432 952 1523 Baiocensis,
977 1431 1160 1532 multaque
1188 1430 1256 1505 alia
1281 1429 1422 1505 castella
1447 1434 1485 1502 in
1509 1434 1609 1501 Con·

549 1547 731 1622 stantiensi
761 1546 958 1637 territorio,
993 1548 1085 1646 regis
1113 1549 1283 1640 nomine,
1316 1549 1354 1619 in
1384 1544 1610 1636 deditionem

550 1666 687 1766 accepit
699 1666 721 1736 ⁸.
741 1668 828 1753 Quae
844 1689 901 1736 res
924 1665 1087 1761 Anglicos
1104 1665 1299 1766 plurimum
1316 1663 1484 1737 exterruit
1500 1676 1611 1760 atque

551 1775 677 1855 eorum
688 1780 829 1853 animos
846 1778 993 1876 dejecit,
1008 1805 1092 1853 cum
1104 1806 1145 1855 ex
1162 1782 1262 1855 omni
1273 1794 1373 1880 parte
1388 1764 1462 1853 tam
1472 1780 1612 1875 magnis

552 1897 665 1997 copiis
681 1909 716 1967 et
732 1894 943 1968 exercitibus
957 1894 1122 1969 viderent
1144 1921 1183 1971 se
1208 1920 1413 1995 aggressos3
1429 1896 1479 1967 ita
1495 1909 1534 1965 ut
1551 1894 1613 1965 cui

552 2014 644 2113 parti
670 2011 825 2084 tutandae
847 2012 968 2111 potius
995 2012 1263 2107 incumberent,
1293 2036 1360 2085 nec
1390 2008 1613 2084 deliberandi

553 2128 702 2227 quidem
717 2128 768 2199 eis
780 2128 936 2227 spatium
952 2127 1183 2228 praeberetur.

603 2243 659 2316 Ad
683 2269 803 2341 regem
824 2260 942 2317 autem
953 2298 964 2333 ,
991 2246 1075 2342 qui,
1102 2260 1142 2317 ut
1156 2245 1326 2338 diximus,
1345 2242 1442 2344 apud
1460 2248 1615 2317 locum·

555 2362 648 2435 veris
664 2359 900 2454 consistebat,
926 2360 1094 2456 nonnulli
1116 2385 1160 2434 ex
1185 2360 1320 2434 civibus
1343 2360 1615 2457 Rothomagen-

557 2480 675 2571 sibus,
695 2480 757 2577 qui
776 2479 897 2551 furtim
920 2475 963 2551 ex
988 2479 1128 2553 civitate
1152 2479 1198 2552 ad
1220 2480 1342 2552 locum
1365 2479 1485 2579 ipsum
1508 2503 1616 2551 aene·

559 2610 662 2689 rant,
691 2594 855 2667 clanculo
885 2609 1121 2668 accesserunt.
1156 2595 1228 2683 Qui
1263 2595 1453 2669 factionem
1480 2618 1618 2691 magnae

558 2715 689 2786 civium
706 2711 798 2811 parti
820 2710 1052 2804 nuntiabant,
1081 2735 1239 2808 quorum
1263 2735 1364 2791 mens
1390 2724 1483 2802 erat,
1510 2724 1568 2801 ut,
1588 2711 1618 2783 si

560 2845 675 2921 prope
695 2815 827 2891 moenia
848 2818 948 2892 urbis
968 2846 1031 2893 rex
1047 2845 1151 2893 suum
1172 2820 1380 2895 admoveret
1402 2821 1633 2914 exercitum,-

561 2954 596 3011 et
618 2934 846 3036 expugnandi
872 2935 981 3008 veluti
1003 2936 1197 3037 quamdam
1219 2936 1486 3012 similitudinem
1503 2938 1618 3011 facere

561 3050 823 3151 aggrederetur,
842 3051 942 3151 quod
959 3053 1052 3153 regis
1074 3053 1202 3127 milites
1223 3052 1319 3128 ultro
1343 3053 1620 3127 intromitterent

563 3176 617 3253 et,
637 3160 739 3259 quasi
762 3156 955 3235 defendere
971 3164 1104 3239 moenia
1122 3162 1327 3238 simulantes
1350 3188 1431 3257 sua,
1451 3188 1513 3237 eos
1528 3165 1620 3237 intra

564 3276 782 3377 reciperent,
800 3278 922 3377 eisque
947 3281 1110 3380 pervium
1139 3281 1205 3361 iter
1229 3278 1406 3371 lacerent,
1420 3266 1620 3379 'rogabant-

565 3420 634 3494 que
652 3418 773 3493 regem
797 3407 838 3466 ut
853 3396 903 3468 ita
917 3394 1030 3470 facere
1050 3412 1156 3495 atque
1179 3395 1346 3496 expedire
1370 3395 1497 3487 vellet,
1520 3394 1620 3493 polli-

566 3526 685 3585 centes
712 3536 750 3584 se
774 3508 939 3605 fideliter,
963 3511 1002 3584 id
1026 3511 1126 3612 quod
1148 3512 1379 3606 nuntiabant,
1398 3510 1617 3612 impleturos.

567 3632 640 3701 Rex
667 3650 773 3719 vero,
797 3626 883 3701 licet
905 3652 981 3701 non
1006 3626 1159 3701 multum
1176 3622 1269 3702 'fidei
1292 3616 1418 3703 eorum
1442 3628 1621 3729 promissis

455 3744 459 3751 ’
567 3744 685 3836 daret,
709 3742 772 3816 sed
793 3742 897 3816 dolos
913 3768 1056 3844 semper
1072 3757 1178 3843 atque
1200 3745 1364 3837 insidias,
1391 3770 1469 3845 quae
1494 3747 1531 3818 in
1554 3744 1621 3817 hu·

564 3861 765 3959 juscemodi
791 3859 1004 3935 factionibus
1029 3862 1247 3962 frequentius
1272 3864 1372 3939 tendi
1390 3865 1529 3960 solent,
1549 3889 1622 3939 sus·

611 4141 641 4203 l.
662 4145 705 4201 La
718 4140 773 4201 citt
787 4138 824 4201 de
832 4142 992 4202 contances
1004 4154 1033 4201 et
1042 4141 1071 4201 le
1085 4140 1207 4205 chlteau
1220 4142 1257 4205 de
1270 4144 1348 4206 Vire.
1455 4128 1461 4133 ⁵

611 4235 641 4292 Ξ.
661 4232 808 4334 saint-Io,
821 4234 963 4293 Carentan
977 4245 1006 4292 et
1015 4232 1170 4314 Valognes.

612 4326 642 4469 l:
663 4320 769 4471 ‘lldlityes
790 4424 838 4472 ces
865 4413 1020 4491 conqudtes
1044 4425 1109 4473 sont
1130 4411 1171 4473 du
1192 4424 1438 4473 commencement
1459 4410 1498 4471 dc
1519 4410 1625 4473 turrae

574 4500 669 4572 datm
686 4499 879 4578 posterieures
895 4519 949 4579 par
962 4500 1141 4579 conse‘quent
1154 4503 1171 4561 a
1183 4500 1211 4561 la
1229 4498 1372 4561 reddition
1390 4499 1428 4559 de
1442 4502 1544 4560 Itouna
1582 4518 1625 4559 rr·

573 4584 675 4643 conten
691 4586 762 4647 dans
775 4588 803 4646 le
814 4588 944 4668 chapitre
956 4589 1007 4668 qui
1021 4590 1088 4651 suit.
