3892 5892
579 951 637 1006 att
859 949 1119 1008 atsroattstttt
1140 949 1279 1007 cattou
1295 948 1348 1004 vtt

580 1072 756 1145 ramentis
771 1069 938 1152 decorata
955 1070 1109 1158 exsistit,
1130 1085 1167 1140 nt
1191 1071 1248 1141 vi‘x
1263 1069 1299 1140 in
1317 1081 1392 1139 tota
1409 1066 1548 1155 Gallia,
1568 1093 1649 1139 non

580 1185 690 1257 modo
711 1184 858 1257 secundi
883 1185 1015 1280 gradus
1030 1183 1247 1273 nobilitatis,
1266 1180 1328 1254 sed
1345 1207 1412 1255 nec
1436 1183 1554 1278 regis,
1574 1207 1652 1282 pro

579 1327 643 1374 sua
667 1300 912 1400 magnitudine
939 1315 976 1372 et
1002 1301 1219 1398 capacitate,
1251 1299 1381 1370 domus
1407 1299 1571 1372 ornatior
1606 1324 1653 1372 ac

581 1414 863 1512 magnificentior
879 1413 980 1485 lacile
996 1429 1114 1511 posset
1134 1415 1298 1502 inveniri.

626 1536 717 1603 Cum
726 1533 831 1627 igitur
844 1529 949 1600 tantis
961 1528 1161 1602 abundaret
1178 1529 1308 1629 opibus
1324 1544 1359 1602 et
1373 1529 1519 1618 divitiis,
1537 1543 1651 1600 esset·

578 1672 648 1744 que
663 1647 748 1743 regii
763 1644 913 1717 honoris
924 1667 965 1716 ac
978 1647 1087 1717 totius
1100 1647 1200 1742 regni
1214 1661 1249 1717 et
1262 1644 1465 1744 reipublicae
1478 1645 1648 1716 utilitatis

578 1761 854 1848 zelantissimus,
873 1761 910 1831 in
932 1774 1030 1833 tanta
1044 1761 1246 1859 reipublicae
1263 1763 1468 1833 necessitate
1484 1785 1559 1836 non
1578 1761 1646 1832 de-

580 1878 643 1948 luit
656 1903 666 1962 3
685 1875 762 1967 sed,
781 1875 944 1975 pluribus
958 1902 1000 1948 ex
1014 1875 1256 1972 magnatibus,
1270 1878 1334 1972 qui
1347 1876 1534 1974 largitione
1547 1880 1646 1974 regis

579 1989 708 2089 opibus
734 2005 837 2063 erant
866 1990 1102 2082 refertissimi,
1132 1991 1293 2090 inopiam
1318 1991 1585 2079 simulantibus,
1606 2007 1644 2063 et

580 2105 682 2177 salsas
705 2128 747 2176 ac
769 2105 913 2177 frivolas
936 2106 1179 2176 excusationes
1201 2103 1449 2192 afferentibus,
1469 2131 1642 2202 magnum

578 2220 655 2292 auri
678 2220 821 2318 pondus
837 2219 932 2291 ultro
949 2219 1022 2316 regi
1046 2234 1290 2293 mutuaturum
1310 2244 1348 2292 se
1364 2220 1642 2312 obertio-exhi-

578 2335 725 2434 buitque
748 2336 960 2434 pecuniam,
994 2359 1073 2432 quae
1100 2334 1145 2406 ad
1172 2355 1352 2406 summam
1373 2337 1468 2408 circa
1493 2353 1640 2408 centum

580 2451 691 2525 millia
704 2465 889 2527 scutorum
898 2448 974 2521 auri
991 2448 1183 2521 ascendere
1195 2448 1387 2536 serebatur,
1399 2453 1436 2522 in
1449 2465 1523 2522 tam
1533 2477 1640 2523 sanc-

579 2583 657 2640 tum
676 2565 1052 2666 pemecessariumque
1082 2589 1173 2662 opus
1205 2563 1498 2637 convertendam.
1529 2569 1641 2664 Cujus

578 2682 823 2756 subventionis
840 2680 991 2762 auxilio,
1009 2679 1177 2777 praedicta
1189 2679 1324 2777 oppida
1340 2680 1490 2771 Falesia,
1509 2680 1640 2754 deinde

576 2811 734 2870 castrum
752 2794 1068 2891 Dompui-Frontis
1087 2807 1124 2865 et
1141 2794 1332 2866 novissime
1359 2796 1640 2892 Burgi-Caesaris

579 2911 885 2984 obsessasuerunt.
900 2907 1079 3005 inquibus
1094 2908 1176 2980 licet
1193 2911 1248 3004 (in
1269 2911 1401 2983 Falesia
1418 2911 1637 3008 praesertim)

579 3040 696 3098 essent
723 3044 854 3119 magna
889 3023 1081 3119 auglorum
1113 3027 1294 3122 praesidia,
1324 3051 1407 3099 cum
1435 3027 1487 3098 eis
1517 3021 1635 3099 tamen

578 3165 659 3238 spes
685 3140 810 3212 solatia
831 3137 938 3235 atque
963 3165 1152 3213 succursus
1177 3141 1223 3212 ab
1246 3141 1367 3238 Anglia
1393 3142 1635 3240 consequendi

579 3259 730 3330 omnino
744 3258 867 3329 deerat
879 3259 901 3343 ‘,
925 3256 1048 3328 validis
1068 3257 1276 3348 militaribus
1297 3258 1410 3357 copiis
1431 3258 1633 3332 horrendis·

578 3398 649 3470 qne
664 3371 873 3446 bombardis
890 3396 932 3444 ac
948 3371 1122 3443 machinis
1133 3374 1338 3463 coarctatis,
1354 3372 1400 3445 nd
1416 3371 1631 3444 deditionem

577 3487 668 3560 inira
689 3489 845 3587 spatium
861 3486 1000 3558 circiter·
1020 3486 1176 3559 duorum
1198 3488 1374 3560 mensium
1388 3487 1513 3564 coacta
1532 3502 1629 3578 sunt,

578 3619 613 3676 et
629 3629 649 3674 a
664 3607 882 3675 Francorum
900 3625 983 3697 rege
999 3615 1151 3699 recepta.

625 3719 756 3789 Mirum
767 3731 886 3788 autern
904 3715 1008 3788 valde
1025 3715 1106 3806 luit,
1127 3730 1162 3787 et
1180 3715 1299 3788 mtdtis
1318 3731 1413 3790 retro
1430 3717 1562 3790 saeculis
1576 3719 1630 3789 in-

577 3831 759 3919 auditum,
781 3830 904 3927 quod,
925 3855 1007 3901 cum
1027 3829 1077 3902 'ad
1097 3831 1375 3929 expugnandum
1391 3833 1629 3904 Caesaris-Bur·

578 3972 682 4044 gum,
699 3945 906 4018 bombardae
923 3970 997 4016 non
1016 3945 1083 4018 nisi
1097 3946 1134 4017 in
1154 3971 1283 4040 arena,
1307 3972 1385 4046 quae
1400 3964 1454 4021 est
1466 3949 1503 4022 in
1516 3947 1629 4021 littore

578 4062 702 4147 maris,
721 4059 913 4133 commode
930 4059 1053 4131 situari
1079 4075 1244 4157 possent,
1272 4085 1380 4160 quam
1398 4063 1513 4135 fluxus
1530 4063 1630 4134 man'·

576 4203 645 4250 nus
669 4177 724 4248 bis
747 4174 909 4273 quolibet
935 4174 993 4246 die
1020 4176 1226 4248 naturaliter
1250 4177 1408 4250 ascendit
1436 4177 1483 4251 ad
1512 4177 1627 4250 altitu-

576 4295 699 4365 dinem
726 4292 880 4390 plurium
910 4289 1138 4379 cubitorum,
1164 4289 1224 4385 ibi,
1250 4291 1483 4366 nihilominus
1509 4293 1628 4365 locatae

575 4397 782 4505 situataeque
801 4406 964 4495 suerunt,
982 4418 1057 4476 arte
1073 4405 1218 4478 inventa
1231 4431 1323 4504 qua,
1344 4407 1571 4507 operimentis
1586 4431 1627 4478 ex

615 4659 644 4714 l.
668 4659 746 4714 Dans
761 4655 789 4714 le
804 4654 976 4728 urannmrit,
990 4655 1175 4731 consequenda·
1190 4661 1284 4713 omnia
1300 4659 1420 4730 validis,
1432 4643 1484 4717 ete.
