3892 5892
570 970 628 1026 2¹18
858 969 1110 1026 utstonluttult
1130 969 1266 1026 cauom
1284 969 1335 1027 v11

572 1093 786 1190 procuravit.
814 1097 891 1164 Hoc
905 1093 1002 1164 euim
1024 1094 1145 1166 animo
1169 1117 1308 1192 semper
1329 1093 1490 1190 gestierat
1512 1105 1618 1189 atque

570 1207 772 1304 quesierat,
790 1222 831 1280 ut
847 1208 1034 1280 seditiosos
1046 1208 1126 1280 illos
1139 1223 1245 1306 atqua
1264 1208 1500 1280 tumultuosos
1515 1205 1620 1306 oppi-

570 1323 684 1396 danos
710 1350 731 1396 e
756 1325 850 1398 vallo
877 1325 1048 1422 tectisque
1077 1326 1150 1396 suis
1177 1349 1219 1396 ec
1244 1327 1476 1396 munimentis
1500 1337 1621 1422 posset

569 1439 763 1537 aliquando
789 1442 827 1512 in
846 1440 991 1540 planum
1010 1440 1242 1539 patulumque
1263 1463 1430 1539 campum
1448 1439 1616 1526 educere,

569 1568 704 1628 etcum
722 1558 772 1628 eis
789 1557 879 1628 inire
898 1569 1093 1628 certamen.

616 1675 708 1744 Cum
723 1684 858 1760 autem,
876 1685 916 1741 ut
933 1671 1049 1769 prima
1065 1669 1152 1742 facie
1173 1669 1335 1742 testimari
1350 1671 1536 1767 potuisset,
1552 1669 1619 1768 ipsi

568 1786 789 1879 Gaudenses,
802 1786 930 1858 multas
939 1809 1061 1858 mcum
1073 1783 1256 1858 machinas
1263 1783 1460 1874 trahentes,
1476 1784 1620 1856 ordines

567 1924 706 1983 servare
733 1899 959 1986 uiderentur,
990 1902 1154 1996 aciesque
1175 1923 1256 1970 suas
1274 1899 1453 1998 pedestres
1467 1900 1620 1971 rationa-

565 2013 682 2085 biliter
707 2016 912 2087 instruxisse
927 2017 1077 2114 (paucos
1106 2015 1203 2086 enim
1220 2013 1322 2085 valde
1344 2014 1482 2111 equites
1508 2013 1619 2086 habe·

566 2131 693 2226 bant),
728 2147 869 2224 tamen,
902 2157 986 2206 cum
1018 2133 1167 2230 propius
1203 2130 1248 2203 ad
1278 2130 1520 2202 dimicandum
1548 2155 1620 2203 sese

566 2245 824 2339 admoverunt,
844 2247 981 2319 nullam
996 2246 1052 2318 vel
1071 2246 1258 2317 minimam
1279 2245 1442 2317 hostibus
1462 2247 1621 2318 resisten-

568 2362 650 2432 tiam
676 2360 864 2433 dederunt.
893 2359 1006 2433 Pressi
1026 2361 1122 2432 enim
1144 2359 1277 2456 sagittis
1304 2373 1409 2458 atquc
1432 2359 1623 2432 missilibus

566 2477 799 2549 Picardorum
816 2478 1097 2576 sagittariorum,
1123 2475 1272 2547 turbatis
1289 2475 1373 2546 inde
1396 2476 1623 2575 confusisque

566 2591 770 2685 ordinibus,
787 2608 824 2665 et
838 2594 1000 2692 apprime
1016 2615 1099 2666 cum
1115 2593 1151 2662 in
1165 2615 1228 2662 eos
1238 2591 1375 2688 equites
1392 2592 1493 2664 ducis
1509 2594 1622 2666 irrue·

567 2723 668 2800 rent,
691 2735 758 2782 suo
775 2711 881 2782 solito
905 2735 1005 2816 more
1022 2725 1120 2806 terga
1136 2721 1334 2793 vertentes,
1352 2711 1414 2806 qui
1429 2721 1624 2808 potuerunt

565 2824 611 2895 ad
628 2825 748 2919 lugam
763 2847 802 2895 se
817 2823 1011 2915 dederunt3
1026 2847 1118 2920 quos
1135 2837 1268 2920 atergo
1286 2824 1534 2920 insequentes,
1554 2827 1621 2896 cis·

566 2963 635 3036 que
647 2940 799 3034 graviter
807 2939 1035 3010 imminentes
1044 2940 1180 3036 equites
1192 2959 1233 3009 ac
1241 2939 1411 3035 sagittarii
1424 2939 1620 3037 pedestres,

566 3053 758 3124 maximam
780 3051 932 3150 deipsis
954 3067 1107 3150 stragem
1131 3053 1320 3124 fecarunt¹.
1343 3053 1488 3126 Plurimi
1504 3069 1622 3127 autem

567 3193 609 3240 ex
636 3167 738 3264 ipsis,
768 3167 948 3240 enatando
978 3169 1155 3242 adoliam
1183 3168 1340 3240 fluminis
1368 3169 1522 3268 ripam¹,
1547 3192 1624 3243 sese

566 3281 765 3356 subducere
777 3284 977 3357 imminenti
995 3287 1119 3357 mortis
1136 3284 1296 3383 periculo
1308 3286 1504 3382 cupientes,
1523 3287 1624 3382 aquis

568 3398 730 3471 suffocati
758 3401 918 3489 luerunt3
947 3425 1102 3500 quorum
1130 3399 1303 3473 cadavera
1328 3401 1486 3472 fluminis
1516 3403 1623 3500 ipsius

568 3539 691 3586 cursus
706 3516 743 3586 in
768 3532 963 3615 conspectu
986 3519 1130 3606 eurum,
1152 3515 1267 3610 quiin
1291 3515 1428 3615 oppido
1446 3541 1623 3590 remanse-

571 3645 669 3723 rant,
685 3630 793 3728 paulo
810 3645 893 3729 post
908 3631 1061 3703 advexit.
1083 3637 1132 3702 Ex
1150 3629 1367 3727 fugientibus
1383 3645 1520 3720 autem,
1541 3653 1623 3702 cum

569 3771 704 3818 cuneus
720 3773 762 3818 ex
780 3748 866 3846 ipsis
882 3748 929 3820 ad
952 3747 1048 3819 mille
1064 3747 1204 3818 circiter
1226 3761 1262 3818 et
1281 3747 1495 3844 quingentos
1510 3749 1621 3838 viros,

570 3861 752 3961 quoddam
782 3878 924 3961 pratum
955 3857 1144 3935 introiisset
1177 3863 1276 3960 juxta
1305 3863 1463 3935 fluminis
1488 3866 1623 3962 ripam,

570 3978 670 4076 quod
685 3977 837 4076 saepibus
850 3978 1075 4075 dumetisque
1093 3993 1286 4074 utcumque
1300 3976 1468 4048 vallatum
1485 3991 1625 4076 protec-

571 4111 718 4190 tumque
728 4092 927 4186 uidebatur,
942 4093 1196 4191 aliquantisper
1211 4091 1374 4164 hostibus
1388 4093 1602 4166 restiterunt'
1610 4115 1623 4182 ς

612 4326 641 4382 l.
664 4326 702 4380 23
716 4321 811 4394 juillet
826 4325 913 4381 1⁴53.

611 4421 642 4478 2.
664 4420 811 4480 L'liscaut.

613 4511 641 4566 3.
664 4507 775 4566 Olirici
793 4509 829 4568 de
846 4513 887 4569 La
902 4508 1034 4584 Marem,
1054 4509 1104 4588 qui
1122 4507 1188 4568 itait
1207 4511 1221 4567 l
1240 4507 1268 4566 la
1288 4507 1403 4566 bataillc
1417 4555 1424 4586 ,
1440 4506 1519 4586 parle
1533 4503 1625 4565 moins

572 4595 845 4676 dedaigntuserneut
869 4597 953 4658 dela
976 4599 1128 4658 assistance
1152 4597 1202 4675 qui
1224 4597 1269 4656 lut
1291 4597 1359 4657 saite
1384 4615 1434 4656 sur
1458 4615 1493 4655 ce
1516 4594 1620 4673 point:

576 4689 701 4746 «certes
723 4703 763 4744 uu
782 4686 909 4765 Gaudois
926 4686 1015 4746 vilain
1035 4699 1062 4745 ct
1083 4687 1120 4746 dc
1138 4687 1208 4765 petit
1228 4695 1317 4756 estat,
1333 4697 1362 4745 et
1379 4703 1445 4744 saus
1463 4703 1529 4742 nom
1550 4701 1625 4761 pour
