3892 5892
554 943 612 1005 234
840 952 1095 1013 mstoulauutt
1115 953 1252 1011 cauom
1271 956 1323 1011 v11

876 1240 1128 1310 clutrututt
1153 1241 1275 1309 XXlll.

626 1428 666 1481 De
676 1428 758 1483 classe
768 1440 868 1484 umato
876 1427 1024 1500 Anglornnr
1033 1428 1110 1485 mista
1121 1428 1156 1483 ad
1166 1428 1347 1484 defensionem
1357 1427 1541 1483 Normannin.

605 1611 697 1679 Cum
717 1622 837 1680 autem
859 1622 999 1706 tempus
1026 1609 1118 1682 veris
1140 1623 1231 1681 esset
1262 1622 1297 1680 et
1320 1608 1395 1705 jam
1418 1608 1612 1697 maritimis

557 1722 840 1821 navigationibus
867 1722 1162 1815 accommodum,
1186 1738 1367 1822 sperantes
1389 1722 1511 1819 Angli,
1529 1747 1609 1795 non

558 1836 669 1910 modo
690 1861 771 1935 quae
790 1835 908 1909 adhuc
930 1837 1132 1910 retinebant
1153 1838 1190 1909 in
1208 1838 1427 1910 Normannia
1442 1860 1605 1928 servare,

556 1951 620 2025 sed
639 1953 745 2024 etiam
765 1954 893 2025 amissa
913 1976 1018 2053 posse
1038 1976 1266 2051 recuperare,
1285 1954 1456 2027 instructa
1476 1952 1604 2044 classe,

556 2092 639 2140 cum
665 2092 725 2140 sex
740 2066 798 2140 vel
821 2083 957 2168 septem
984 2067 1137 2140 millibus
1159 2081 1378 2141 armatorum
1399 2068 1606 2141 transmisso

556 2185 666 2275 fretu,
701 2184 748 2257 ad
774 2187 1086 2283 Caesaris-Burgum
1115 2184 1375 2285 applicuerunt.
1403 2187 1485 2273 Quo
1521 2208 1604 2256 cum

556 2300 792 2401 appulissent,
823 2302 941 2373 statim
963 2315 1118 2373 castrum
1151 2298 1413 2389 llalloniarum,
1438 2314 1474 2371 et
1502 2300 1607 2399 plura

556 2415 623 2489 alin
635 2415 779 2491 castella
788 2417 989 2489 exsistentia
1000 2418 1036 2488 in
1046 2415 1167 2487 clauso
1179 2414 1496 2504 constantinensi¹,
1507 2414 1606 2487 nulla

555 2558 670 2633 prope
685 2535 736 2605 eis
751 2534 842 2608 sacta
865 2532 1089 2624 resistentia¹,
1109 2545 1339 2629 receperunt;
1362 2531 1412 2603 ita
1428 2528 1528 2629 quod
1547 2545 1606 2603 to-

556 2664 633 2723 tum
650 2649 739 2723 illud
754 2649 977 2723 Constantini
989 2646 1171 2737 clausum,
1190 2644 1349 2747 locuples
1361 2645 1507 2745 quidem
1519 2661 1605 2721 tunc

555 2779 591 2837 et
607 2765 836 2864 opulentum,
854 2762 921 2835 sub
937 2786 1000 2834 sua
1016 2761 1151 2833 ditione
1173 2761 1354 2835 tenebant.
1379 2766 1469 2835 Cum
1485 2774 1604 2836 autem

554 2879 592 2951 in
624 2878 752 2951 eodem
778 2875 899 2950 clauso
926 2899 1003 2949 sese
1033 2874 1160 2948 diebus
1185 2876 1306 2951 multis
1329 2876 1600 2965 refocillassent,

554 2992 719 3089 auctique
734 3006 851 3064 essent
866 3016 943 3063 non
958 3016 1071 3091 parvo
1086 3016 1239 3065 numero
1263 3018 1305 3067 ex
1326 2994 1517 3089 veteranis,
1541 2994 1604 3092 qui

443 3134 448 3143 ¹
554 3106 599 3178 de
616 3107 752 3179 Baiocis
767 3106 1028 3182 etCadomoad
1038 3131 1101 3183 eos
1113 3100 1354 3203 accesserant,
1373 3111 1439 3185 iter
1450 3110 1603 3209 aggressi

554 3236 637 3295 sunt
659 3238 700 3295 ut
716 3225 860 3299 Baiocas
874 3224 1080 3319 tenderent,
1099 3240 1135 3299 et
1149 3223 1241 3317 illic,
1258 3227 1392 3319 caeteris
1409 3225 1602 3323 buglorum

553 3341 686 3439 copiis,
705 3366 785 3439 quae
803 3341 842 3413 iu
866 3340 969 3414 dictis
987 3342 1130 3443 oppidis
1151 3356 1257 3443 atque
1277 3344 1314 3415 in
1331 3340 1464 3415 Falesia
1479 3357 1600 3435 erant,

553 3476 629 3525 sese
647 3454 929 3551 conjungerent,
947 3456 1177 3547 estimantes,
1197 3456 1225 3529 si
1241 3480 1279 3529 se
1295 3456 1332 3528 iu
1349 3479 1477 3554 agmen
1495 3470 1602 3554 atque
1645 3452 1649 3459 ’

553 3570 746 3641 exercitum
766 3596 880 3643 unum
893 3595 1020 3674 cogere
1035 3587 1200 3670 possent,
1218 3573 1299 3645 satis
1314 3572 1442 3645 virium
1459 3570 1601 3644 babitu-

552 3708 612 3756 ros
627 3682 672 3756 ad
691 3686 968 3786 expugnandum
985 3711 1028 3759 ao
1043 3686 1297 3761 debellandum
1312 3701 1424 3761 totam
1441 3687 1600 3761 militiam

552 3801 644 3897 regis
659 3805 893 3875 Francorum.
906 3808 949 3875 Et
959 3802 1125 3901 quidem,
1142 3805 1171 3876 si
1187 3802 1225 3875 id
1234 3802 1374 3878 efficere
1383 3805 1598 3904 potuissent,

552 3940 627 3987 non
643 3916 794 3989 dubium
818 3917 906 4015 quin
923 3916 1036 3989 tribus
1053 3916 1119 3989 illis
1144 3918 1248 4011 locis,
1267 3918 1400 3991 scilicet
1417 3919 1598 4011 Cadomo,

551 4031 685 4106 Falesia
706 4047 742 4105 et
765 4032 919 4125 Baiocis,
942 4030 1160 4104 sufficienter
1182 4032 1406 4107 manentibus
1431 4034 1599 4120 munitis,

551 4148 702 4222 educere
717 4149 754 4219 in
766 4171 933 4247 campum
945 4148 1038 4220 ultra
1054 4146 1244 4219 duodecim
1262 4147 1372 4221 millia
1386 4146 1602 4222 bellatorum

590 4390 620 4445 l.
642 4389 686 4445 La
695 4382 850 4465 presqu'lle
862 4383 903 4443 du
916 4384 1059 4445 cotentio.

589 4478 620 4537 2.
642 4477 688 4535 On
701 4474 734 4533 lit
745 4473 906 4553 cependant
918 4472 991 4533 dans
1003 4472 1134 4534 Chartier
1143 4468 1266 4549 qu’Abel
1277 4471 1403 4531 Rouault
1418 4470 1472 4531 tint
1489 4471 1516 4530 le
1530 4470 1600 4529 obt·

550 4576 615 4622 teau
637 4562 675 4622 de
691 4564 833 4647 Valognes
855 4561 983 4644 pendant
1004 4562 1073 4625 trois
1096 4561 1253 4635 semaines,
1269 4580 1340 4621 avec
1361 4580 1417 4621 une
1438 4558 1598 4621 tres-laihte

549 4651 695 4733 garnison.
