3892 5892
538 805 596 863 230
818 797 1071 859 utstommtt
1090 797 1225 857 CAROH
1244 798 1298 855 vlt

539 930 687 1023 Propter
711 922 810 1021 quod
831 922 997 1014 finaliter,
1019 936 1139 1021 spreta
1158 947 1286 995 eorum
1301 923 1489 1019 rogatione
1510 939 1607 999 tan·

539 1064 647 1138 quarn
663 1038 809 1136 injusta,
828 1063 901 1112 non
916 1038 1088 1111 arbitratu
1103 1062 1189 1131 suo,
1206 1036 1268 1111 sed
1281 1062 1349 1139 pro
1361 1040 1456 1137 regia
1469 1042 1607 1139 potius

539 1154 742 1246 voluntate,
761 1153 916 1227 abeundi
932 1179 1016 1227 cum
1030 1154 1137 1227 bonis
1153 1179 1197 1226 ex
1216 1154 1301 1253 ipsis
1316 1154 1457 1229 arcibus
1477 1156 1605 1231 factal·

540 1286 647 1344 tctem
672 1284 910 1368 acceperunt3
931 1294 1011 1367 qnae
1035 1270 1089 1342 ita
1105 1283 1223 1341 tamen
1245 1268 1295 1341 eis
1315 1270 1484 1367 permissa
1501 1272 1600 1363 suit,

539 1385 658 1486 quod,
686 1385 780 1457 intra
805 1398 941 1457 certum
967 1398 1004 1457 et
1029 1382 1242 1483 praefinitum
1267 1381 1383 1475 diem,
1412 1399 1602 1461 certorum

540 1514 736 1575 castrorum
764 1513 870 1597 atque
901 1498 1122 1599 oppidorum
1148 1500 1409 1598 possessionem
1434 1500 1471 1573 in
1500 1502 1601 1598 regis

541 1620 758 1688 Francorum
782 1640 909 1687 manus
932 1615 990 1687 vel
1013 1638 1163 1688 suorum
1187 1613 1386 1707 traderent,
1404 1628 1441 1687 et
1462 1640 1505 1689 ea
1527 1618 1601 1691 sibi

541 1729 777 1803 redderentur
796 1757 805 1801 ε
824 1729 918 1802 inter
938 1754 1018 1828 quae
1034 1744 1109 1802 erat
1125 1742 1280 1801 castrum
1294 1728 1341 1801 de
1356 1730 1595 1803 Houneflutu.

542 1848 622 1918 nau·
648 1860 733 1929 sunt
757 1859 898 1938 autem,
924 1870 992 1945 pro
1018 1844 1166 1942 hujusce
1185 1845 1443 1943 promissorum
1465 1846 1595 1945 imple-

544 1974 684 2047 mento,
702 1962 740 2032 in
765 1960 909 2034 obsides
933 1960 1100 2034 dominus
1117 1959 1162 2032 de
1184 1958 1344 2050 Talebot,
1364 1984 1485 2035 comcs
1501 1961 1596 2035 Che-

543 2069 788 2167 rosberiensis,
802 2078 970 2151 dominus
983 2079 1175 2149 Βωιηοιιῑι
1191 2101 1273 2148 cunr
1287 2075 1503 2175 quibusdam
1516 2078 1596 2151 aliis
1643 2164 1651 2175 Ι

543 2192 726 2266 nobilibus
739 2193 888 2289 Angiiae3
906 2195 986 2290 qui,
1000 2193 1082 2265 iicet
1092 2204 1217 2264 cetera
1228 2190 1420 2290 adimpleta
1433 2191 1595 2285 inissent,

544 2309 631 2407 quia
649 2323 768 2380 tamen
794 2310 818 2380 ii
836 2310 950 2408 quiin
972 2307 1188 2380 Honneflutu
1205 2330 1271 2405 pro
1289 2306 1453 2380 custodia
1472 2323 1593 2401 crant,

547 2423 767 2497 deditionem
785 2424 932 2497 minime
949 2424 1062 2497 fucere
1077 2422 1285 2515 voluerunt,
1300 2446 1446 2517 omnes,
1459 2422 1509 2496 ob
1522 2448 1598 2498 non

546 2539 708 2641 impietas
736 2537 782 2611 ad
811 2540 1005 2637 perfectum
1030 2538 1305 2638 promissiones,
1332 2538 1370 2613 in
1398 2540 1600 2640 captivitate

548 2657 694 2728 inerunt
707 2656 846 2727 retenti.
1296 2682 1299 2689 ·

597 2772 649 2840 Eo
668 2769 783 2865 igitur,
800 2791 873 2864 quo
887 2766 1113 2870 praediximus
1127 2768 1258 2864 modo,
1274 2769 1360 2843 urbs
1373 2770 1520 2869 insignis
1536 2775 1603 2845 Ro-

548 2885 777 2981 thomagum,
804 2882 912 2955 totius
933 2882 1160 2959 Normanniae
1184 2886 1392 2987 metropolis
1415 2902 1452 2961 et
1473 2902 1599 2989 caput,

548 3024 593 3073 ex
609 2998 806 3097 Anglorum
822 2998 977 3096 ditione,
995 3001 1058 3100 qui
1075 3025 1153 3074 eam
1169 3003 1308 3079 circiter
1327 3028 1393 3104 per
1409 3029 1523 3079 annos
1537 3004 1601 3077 tri-

548 3118 646 3218 ginta
672 3130 742 3189 tres
764 3131 967 3205 tenuerant,
989 3118 1036 3191 ad
1059 3120 1151 3217 regis
1170 3124 1389 3194 Francorum
1414 3121 1602 3220 imperium

549 3255 689 3306 reversa
704 3248 757 3306 est
772 3289 783 3328 ,
799 3234 932 3307 civium
948 3233 1074 3333 procul
1095 3232 1208 3307 dubio
1231 3235 1349 3333 potius
1368 3235 1551 3310 voluntate
1566 3250 1602 3309 et

550 3353 721 3441 factione,
734 3377 843 3451 quarn
853 3352 987 3427 viribus
1000 3368 1107 3451 atque
1118 3354 1279 3455 potentia
1290 3378 1492 3449 armorum,
1506 3378 1601 3429 anno

550 3469 688 3542 domini
706 3455 939 3561 uccocmx.⁸,
958 3471 1061 3547 tertia
1080 3483 1142 3541 aut
1163 3482 1289 3567 quarta
1309 3468 1466 3545 dicante
1481 3468 1600 3545 tuen·

417 3582 420 3590 ’
550 3582 614 3659 das
630 3583 863 3657 novembris'.

600 3700 695 3771 Licet
707 3714 827 3771 antem
845 3698 982 3771 civibus
999 3722 1063 3798 per
1078 3722 1198 3797 regem
1215 3724 1370 3799 suosque
1386 3698 1510 3785 suisset
1526 3698 1603 3799 pol·

548 3814 687 3886 licitum
708 3813 808 3912 quod
827 3840 901 3887 non
920 3815 1208 3915 permitterentur
1226 3815 1361 3913 Angiici
1379 3814 1494 3912 abire,
1514 3840 1602 3915 quos

549 3932 644 4003 intra
660 3954 760 4003 arces
775 3930 881 4002 veluti
899 3931 1059 4029 captivos
1082 3932 1349 4025 concluserant,
1371 3932 1438 4007 uisi
1453 3932 1603 4009 satisfac·

589 4166 617 4224 t.
642 4164 715 4224 Jean
722 4158 853 4220 Chartier
866 4159 927 4219 dit:
949 4187 962 4213 «
973 4164 1015 4221 Ie
1028 4160 1071 4221 fiis
1084 4160 1124 4222 du
1138 4174 1232 4221 comte
1242 4161 1403 4241 d’Osmont,
1418 4160 1565 4223 d’lricndc
1576 4188 1600 4227 ·.

552 4254 631 4310 Dans
646 4250 806 4327 Godeiroy,
822 4271 851 4329 p.
869 4253 939 4312 179.

588 4344 619 4397 Ξ.
641 4344 695 4397 Les
707 4340 823 4419 Angiais
836 4360 867 4398 se
881 4339 1035 4399 retirerent
1045 4341 1072 4399 le
1085 4344 1103 4399 i
1116 4338 1274 4399 novembre
1282 4365 1290 4412 ;
1302 4339 1330 4400 io
1341 4339 1385 4399 roi
1398 4341 1428 4398 fit
1442 4359 1493 4399 son
1508 4339 1602 4399 cntrie

549 4426 621 4485 ‹tans
634 4426 661 4485 ia
674 4426 744 4486 viiie
759 4428 785 4485 ie
797 4430 835 4487 to
849 4428 888 4487 du
903 4432 1002 4488 meme*
1012 4428 1101 4503 mois,
1116 4429 1201 4509 apres
1215 4447 1273 4506 que
1286 4426 1394 4487 i’ordre
1407 4439 1457 4487 eut
1469 4427 1515 4487 tite
1528 4446 1602 4487 oon·

548 4513 705 4592 plctetneut
716 4516 830 4575 retehii.
