3892 5892
550 900 609 957 tut
836 891 1093 951 tttstultlttttttt
1112 891 1247 951 utnon
1268 894 1322 951 vlt

549 1038 588 1098 et
611 1023 730 1122 ipsum
755 1018 829 1092 uilo
853 1042 1017 1116 unquam
1038 1040 1113 1089 aevo
1145 1018 1335 1107 amittendi
1366 1020 1526 1122 periculo
1550 1050 1614 1100 gu.

549 1137 670 1213 blatis.
720 1195 723 1199 -
1313 1154 1316 1159 “

525 1305 531 1323 .
599 1258 647 1325 Ut
666 1251 772 1349 igitur
789 1249 836 1323 ad
858 1262 988 1321 nostrae
1010 1248 1225 1322 narrationis
1250 1250 1378 1323 seriem
1388 1274 1404 1343 ,¹
1419 1268 1613 1353 postquam

549 1370 656 1468 hujus
675 1369 810 1465 reginae·
826 1369 1029 1461 Margaretae
1049 1378 1084 1440 et
1100 1364 1278 1438 secundas
1299 1382 1335 1440 et
1353 1368 1521 1452 adversas,
1536 1372 1611 1445 for-

549 1499 655 1559 tunas
672 1486 826 1559 breviter
840 1482 1131 1582 perstrinximus,
1148 1496 1386 1579 revertamur,
1405 1501 1553 1583 treugae,
1570 1506 1611 1563 ut

550 1601 705 1674 diximus
716 1654 726 1692 ‚
737 1602 830 1702 intur
841 1612 987 1695 regeset
997 1622 1103 1696 regna
1112 1597 1261 1671 fumatae
1271 1600 1429 1697 primum
1445 1602 1607 1695 fuerunt,

550 1741 646 1790 anno
677 1728 842 1789 currente
867 1714 1057 1787 dominicae
1088 1714 1341 1812 incarnationis
1366 1740 1605 1805 uccccnnm.;

550 1845 672 1905 mense
685 1833 789 1929 junio
801 1836 828 1921 ¹3
847 1843 882 1903 et
898 1855 920 1905 e
937 1829 1078 1902 diverso
1094 1830 1220 1901 Franci
1241 1855 1326 1903 cum
1343 1834 1463 1931 Anglis
1484 1834 1610 1931 uiginti

551 1962 634 2032 outo
647 1948 749 2019 aunis
763 1946 987 2039 dimicarunt,
1006 1961 1041 2018 et
1054 1968 1196 2043 guerras
1214 1942 1391 2020 duxerant
1405 1963 1512 2048 atque
1522 1974 1608 2048 pro·

550 2077 740 2135 traxerant.
758 2067 798 2134 ln
814 2087 888 2160 quo
904 2060 1054 2135 articulo
1068 2060 1325 2135 convenienter
1339 2061 1399 2134 hic
1417 2062 1522 2161 hujus
1538 2064 1609 2137 his·

551 2168 650 2251 toria
666 2193 796 2252 nostrae
811 2178 904 2250 liber
920 2179 1046 2250 tertius
1061 2176 1211 2249 modum
1227 2179 1389 2277 accipiet.

592 2381 620 2437 t.
643 2382 751 2439 Erreur
762 2380 799 2440 de
812 2380 878 2440 date
889 2378 937 2458 qui
950 2348 1089 2439 estuausn
1102 2376 1139 2436 de
1152 2376 1365 2437 l’interversion
1376 2376 1428 2437 des
1443 2378 1506 2439 faits
1518 2384 1607 2459 qu’nn

550 2487 737 2547 remarquera
753 2471 824 2531 dans
842 2471 884 2530 les
899 2469 1044 2549 chapitres
1056 2467 1200 2529 ,suivantu
1218 2471 1313 2529 L’acte
1331 2467 1382 2527 des
1397 2470 1493 2528 trivan
1507 2483 1549 2530 est
1565 2470 1607 2531 du

551 2561 589 2619 2⁸
605 2561 662 2620 mai
677 2563 766 2622 tm.
1255 2558 1259 2565 ’

887 3328 1018 3368 mucan
1038 3330 1120 3369 um
1139 3330 1264 3373 11111111.
