<?xml version="1.0" encoding="UTF-8"?>
<!DOCTYPE html PUBLIC "-//W3C//DTD XHTML 1.0 Transitional//EN"
    "http://www.w3.org/TR/xhtml1/DTD/xhtml1-transitional.dtd">
<html xmlns="http://www.w3.org/1999/xhtml" xml:lang="en" lang="en">
 <head>
  <title>
</title>
<meta http-equiv="Content-Type" content="text/html;charset=utf-8" />
  <meta name='ocr-system' content='tesseract 3.04.00' />
  <meta name='ocr-capabilities' content='ocr_page ocr_carea ocr_par ocr_line ocrx_word'/>
</head>
<body>
  <div class='ocr_page' id='page_1' title='image "./histoiredesrgne01amelgoog_0384.png"; bbox 0 0 3892 5892; ppageno 0'>
   <div class='ocr_carea' id='block_1_1' title="bbox 526 886 1595 2154">
    <p class='ocr_par' dir='ltr' id='par_1_1' title="bbox 529 886 1292 965">
     <span class='ocr_line' id='line_1_1' title="bbox 529 886 1292 965; baseline -0.01 -12"><span class='ocrx_word' id='word_1_1' title='bbox 529 892 587 953; x_wconf 77' lang='lat' dir='ltr'>ree</span> <span class='ocrx_word' id='word_1_2' title='bbox 809 886 1220 965; x_wconf 72' lang='lat' dir='ltr'>msroauanumrou</span> <span class='ocrx_word' id='word_1_3' title='bbox 1239 888 1292 945; x_wconf 89' lang='lat' dir='ltr'>v11</span> 
     </span>
    </p>

    <p class='ocr_par' dir='ltr' id='par_1_2' title="bbox 526 1009 1595 2154">
     <span class='ocr_line' id='line_1_2' title="bbox 526 1009 1583 1115; baseline -0.009 -22"><span class='ocrx_word' id='word_1_4' title='bbox 526 1016 709 1115; x_wconf 77' lang='lat' dir='ltr'>quitantea</span> <span class='ocrx_word' id='word_1_5' title='bbox 720 1014 820 1089; x_wconf 82' lang='lat' dir='ltr'>enim</span> <span class='ocrx_word' id='word_1_6' title='bbox 834 1012 886 1087; x_wconf 84' lang='lat' dir='ltr'>itti</span> <span class='ocrx_word' id='word_1_7' title='bbox 897 1016 1117 1087; x_wconf 81' lang='lat' dir='ltr'>Francorum</span> <span class='ocrx_word' id='word_1_8' title='bbox 1134 1011 1263 1088; x_wconf 78' lang='lat' dir='ltr'>militer</span> <span class='ocrx_word' id='word_1_9' title='bbox 1277 1009 1369 1085; x_wconf 78' lang='lat' dir='ltr'>infra</span> <span class='ocrx_word' id='word_1_10' title='bbox 1385 1012 1515 1089; x_wconf 74' lang='lat' dir='ltr'>limites</span> <span class='ocrx_word' id='word_1_11' title='bbox 1529 1012 1583 1111; x_wconf 74' lang='lat' dir='ltr'>‹b-</span> 
     </span>
     <span class='ocr_line' id='line_1_3' title="bbox 528 1124 1584 1228; baseline -0.002 -25"><span class='ocrx_word' id='word_1_12' title='bbox 528 1133 635 1203; x_wconf 85' lang='lat' dir='ltr'>tionis</span> <span class='ocrx_word' id='word_1_13' title='bbox 655 1129 870 1227; x_wconf 68' lang='lat' dir='ltr'>bogiorum,</span> <span class='ocrx_word' id='word_1_14' title='bbox 890 1127 1106 1228; x_wconf 76' lang='lat' dir='ltr'><strong>plurimique</strong></span> <span class='ocrx_word' id='word_1_15' title='bbox 1121 1124 1285 1223; x_wconf 76' lang='lat' dir='ltr'>brigandi</span> <span class='ocrx_word' id='word_1_16' title='bbox 1308 1148 1371 1201; x_wconf 81' lang='lat' dir='ltr'>teu</span> <span class='ocrx_word' id='word_1_17' title='bbox 1393 1126 1584 1207; x_wconf 69' lang='lat' dir='ltr'>inminenti</span> 
     </span>
     <span class='ocr_line' id='line_1_4' title="bbox 528 1242 1583 1342; baseline -0.006 -21"><span class='ocrx_word' id='word_1_18' title='bbox 528 1247 675 1321; x_wconf 78' lang='lat' dir='ltr'>insidias</span> <span class='ocrx_word' id='word_1_19' title='bbox 700 1246 884 1319; x_wconf 82' lang='lat' dir='ltr'>tendentes</span> <span class='ocrx_word' id='word_1_20' title='bbox 905 1243 1076 1340; x_wconf 78' lang='lat' dir='ltr'>hoglicis,</span> <span class='ocrx_word' id='word_1_21' title='bbox 1094 1242 1124 1315; x_wconf 90' lang='lat' dir='ltr'>si</span> <span class='ocrx_word' id='word_1_22' title='bbox 1141 1267 1234 1339; x_wconf 83' lang='lat' dir='ltr'>quos</span> <span class='ocrx_word' id='word_1_23' title='bbox 1248 1266 1292 1317; x_wconf 81' lang='lat' dir='ltr'>ex</span> <span class='ocrx_word' id='word_1_24' title='bbox 1307 1243 1392 1341; x_wconf 77' lang='lat' dir='ltr'>ipah</span> <span class='ocrx_word' id='word_1_25' title='bbox 1408 1268 1473 1342; x_wconf 90' lang='lat' dir='ltr'>per</span> <span class='ocrx_word' id='word_1_26' title='bbox 1483 1242 1583 1315; x_wconf 75' lang='lat' dir='ltr'>vittas</span> 
     </span>
     <span class='ocr_line' id='line_1_5' title="bbox 529 1351 1582 1460; baseline -0.006 -25"><span class='ocrx_word' id='word_1_27' title='bbox 529 1377 566 1435; x_wconf 89' lang='lat' dir='ltr'>et</span> <span class='ocrx_word' id='word_1_28' title='bbox 578 1386 684 1460; x_wconf 82' lang='lat' dir='ltr'>agros</span> <span class='ocrx_word' id='word_1_29' title='bbox 695 1361 822 1434; x_wconf 80' lang='lat' dir='ltr'>obvios</span> <span class='ocrx_word' id='word_1_30' title='bbox 837 1359 1064 1449; x_wconf 72' lang='lat' dir='ltr'>habuissent,</span> <span class='ocrx_word' id='word_1_31' title='bbox 1081 1358 1158 1431; x_wconf 84' lang='lat' dir='ltr'>sine</span> <span class='ocrx_word' id='word_1_32' title='bbox 1172 1351 1246 1431; x_wconf 88' lang='lat' dir='ltr'>ulla</span> <span class='ocrx_word' id='word_1_33' title='bbox 1259 1358 1487 1431; x_wconf 85' lang='lat' dir='ltr'>miseratione</span> <span class='ocrx_word' id='word_1_34' title='bbox 1506 1358 1582 1429; x_wconf 77' lang='lat' dir='ltr'>ric-</span> 
     </span>
     <span class='ocr_line' id='line_1_6' title="bbox 529 1460 1583 1575; baseline -0.008 -22"><span class='ocrx_word' id='word_1_35' title='bbox 529 1478 718 1553; x_wconf 84' lang='lat' dir='ltr'>timnbant.</span> <span class='ocrx_word' id='word_1_36' title='bbox 744 1475 907 1570; x_wconf 70' lang='lat' dir='ltr'>Querela</span> <span class='ocrx_word' id='word_1_37' title='bbox 919 1460 1208 1575; x_wconf 82' lang='lat' dir='ltr'>deponebantur,</span> <span class='ocrx_word' id='word_1_38' title='bbox 1228 1476 1301 1547; x_wconf 88' lang='lat' dir='ltr'>tain</span> <span class='ocrx_word' id='word_1_39' title='bbox 1327 1496 1583 1572; x_wconf 71' lang='lat' dir='ltr'>enumquam</span> 
     </span>
     <span class='ocr_line' id='line_1_7' title="bbox 530 1582 1583 1695; baseline -0.007 -24"><span class='ocrx_word' id='word_1_40' title='bbox 530 1598 641 1671; x_wconf 71' lang='lat' dir='ltr'>astera</span> <span class='ocrx_word' id='word_1_41' title='bbox 658 1595 834 1695; x_wconf 83' lang='lat' dir='ltr'>partibus,</span> <span class='ocrx_word' id='word_1_42' title='bbox 848 1618 972 1669; x_wconf 88' lang='lat' dir='ltr'>coram</span> <span class='ocrx_word' id='word_1_43' title='bbox 989 1592 1299 1667; x_wconf 79' lang='lat' dir='ltr'>conservatoribus</span> <span class='ocrx_word' id='word_1_44' title='bbox 1312 1591 1407 1664; x_wconf 85' lang='lat' dir='ltr'>ultro</span> <span class='ocrx_word' id='word_1_45' title='bbox 1422 1582 1583 1687; x_wconf 76' lang='lat' dir='ltr'>citroque</span> 
     </span>
     <span class='ocr_line' id='line_1_8' title="bbox 530 1705 1579 1809; baseline -0.008 -25"><span class='ocrx_word' id='word_1_46' title='bbox 530 1712 575 1785; x_wconf 89' lang='lat' dir='ltr'>ad</span> <span class='ocrx_word' id='word_1_47' title='bbox 603 1711 751 1787; x_wconf 85' lang='lat' dir='ltr'>tutelam</span> <span class='ocrx_word' id='word_1_48' title='bbox 773 1726 808 1783; x_wconf 89' lang='lat' dir='ltr'>et</span> <span class='ocrx_word' id='word_1_49' title='bbox 830 1708 1140 1809; x_wconf 81' lang='lat' dir='ltr'>conservationem</span> <span class='ocrx_word' id='word_1_50' title='bbox 1161 1721 1366 1804; x_wconf 77' lang='lat' dir='ltr'><strong>treugarum</strong></span> <span class='ocrx_word' id='word_1_51' title='bbox 1392 1705 1579 1805; x_wconf 81' lang='lat' dir='ltr'>deputatio.</span> 
     </span>
     <span class='ocr_line' id='line_1_9' title="bbox 531 1822 1581 1915; baseline -0.008 -15"><span class='ocrx_word' id='word_1_52' title='bbox 531 1829 602 1915; x_wconf 90' lang='lat' dir='ltr'>Qui</span> <span class='ocrx_word' id='word_1_53' title='bbox 630 1827 714 1900; x_wconf 87' lang='lat' dir='ltr'>licet</span> <span class='ocrx_word' id='word_1_54' title='bbox 741 1824 922 1897; x_wconf 87' lang='lat' dir='ltr'>interdum</span> <span class='ocrx_word' id='word_1_55' title='bbox 953 1825 992 1897; x_wconf 89' lang='lat' dir='ltr'>in</span> <span class='ocrx_word' id='word_1_56' title='bbox 1023 1822 1144 1897; x_wconf 90' lang='lat' dir='ltr'>locum</span> <span class='ocrx_word' id='word_1_57' title='bbox 1181 1846 1295 1895; x_wconf 90' lang='lat' dir='ltr'>unum</span> <span class='ocrx_word' id='word_1_58' title='bbox 1323 1822 1581 1914; x_wconf 83' lang='lat' dir='ltr'>convenirent,</span> 
     </span>
     <span class='ocr_line' id='line_1_10' title="bbox 529 1926 1595 2043; baseline -0.002 -30"><span class='ocrx_word' id='word_1_59' title='bbox 529 1941 628 2013; x_wconf 88' lang='lat' dir='ltr'>nulla</span> <span class='ocrx_word' id='word_1_60' title='bbox 646 1956 765 2013; x_wconf 88' lang='lat' dir='ltr'>tamen</span> <span class='ocrx_word' id='word_1_61' title='bbox 781 1939 892 2013; x_wconf 80' lang='lat' dir='ltr'>ferme</span> <span class='ocrx_word' id='word_1_62' title='bbox 913 1960 1076 2037; x_wconf 80' lang='lat' dir='ltr'>unquam</span> <span class='ocrx_word' id='word_1_63' title='bbox 1098 1962 1166 2043; x_wconf 82' lang='lat' dir='ltr'>pro</span> <span class='ocrx_word' id='word_1_64' title='bbox 1185 1926 1392 2033; x_wconf 85' lang='lat' dir='ltr'>hujusmodi</span> <span class='ocrx_word' id='word_1_65' title='bbox 1407 1934 1595 2011; x_wconf 72' lang='lat' dir='ltr'>attentatio·</span> 
     </span>
     <span class='ocr_line' id='line_1_11' title="bbox 531 2052 933 2154; baseline 0.002 -27"><span class='ocrx_word' id='word_1_66' title='bbox 531 2056 706 2154; x_wconf 72' lang='lat' dir='ltr'>reparatio</span> <span class='ocrx_word' id='word_1_67' title='bbox 720 2052 933 2129; x_wconf 81' lang='lat' dir='ltr'>habebatur.</span> 
     </span>
    </p>
   </div>
   <div class='ocr_carea' id='block_1_2' title="bbox 886 2222 1249 2353">
    <p class='ocr_par' dir='ltr' id='par_1_3' title="bbox 886 2222 1249 2353">
     <span class='ocr_line' id='line_1_12' title="bbox 886 2222 1249 2353; baseline 0.006 -4"><span class='ocrx_word' id='word_1_68' title='bbox 886 2280 1146 2353; x_wconf 74' lang='lat' dir='ltr'>CAPITULUM</span> <span class='ocrx_word' id='word_1_69' title='bbox 1169 2222 1249 2353; x_wconf 47' lang='lat' dir='ltr'>tx(</span> 
     </span>
    </p>
   </div>
   <div class='ocr_carea' id='block_1_3' title="bbox 483 2423 1589 4051">
    <p class='ocr_par' dir='ltr' id='par_1_4' title="bbox 483 2423 1589 4051">
     <span class='ocr_line' id='line_1_13' title="bbox 546 2423 1583 2516; baseline -0.006 -17"><span class='ocrx_word' id='word_1_70' title='bbox 546 2460 552 2474; x_wconf 87' lang='grc'><strong><em>·</em></strong></span> <span class='ocrx_word' id='word_1_71' title='bbox 567 2423 695 2499; x_wconf 57' lang='lat' dir='ltr'>Ueranii</span> <span class='ocrx_word' id='word_1_72' title='bbox 706 2441 880 2515; x_wconf 69' lang='lat' dir='ltr'>legationibus</span> <span class='ocrx_word' id='word_1_73' title='bbox 892 2456 919 2497; x_wconf 86' lang='lat' dir='ltr'>et</span> <span class='ocrx_word' id='word_1_74' title='bbox 930 2442 1104 2497; x_wconf 82' lang='lat' dir='ltr'>conventibus</span> <span class='ocrx_word' id='word_1_75' title='bbox 1116 2457 1167 2516; x_wconf 89' lang='lat' dir='ltr'>pro</span> <span class='ocrx_word' id='word_1_76' title='bbox 1180 2458 1245 2515; x_wconf 82' lang='lat' dir='ltr'>prce</span> <span class='ocrx_word' id='word_1_77' title='bbox 1253 2438 1363 2507; x_wconf 80' lang='lat' dir='ltr'>hahitie;</span> <span class='ocrx_word' id='word_1_78' title='bbox 1378 2448 1404 2493; x_wconf 80' lang='lat' dir='ltr'>et</span> <span class='ocrx_word' id='word_1_79' title='bbox 1412 2438 1551 2512; x_wconf 56' lang='lat' dir='ltr'>morundo</span> <span class='ocrx_word' id='word_1_80' title='bbox 1578 2442 1583 2449; x_wconf 83' lang='lat'><em>&#39;</em></span> 
     </span>
     <span class='ocr_line' id='line_1_14' title="bbox 483 2530 1515 2589; baseline -0.003 -1"><span class='ocrx_word' id='word_1_81' title='bbox 483 2563 485 2566; x_wconf 95' lang='lat'>·</span> <span class='ocrx_word' id='word_1_82' title='bbox 606 2535 770 2589; x_wconf 75' lang='lat' dir='ltr'>Francorum</span> <span class='ocrx_word' id='word_1_83' title='bbox 778 2549 826 2589; x_wconf 81' lang='lat' dir='ltr'>rex</span> <span class='ocrx_word' id='word_1_84' title='bbox 839 2530 980 2589; x_wconf 70' lang='lat' dir='ltr'>obsidione</span> <span class='ocrx_word' id='word_1_85' title='bbox 991 2532 1121 2587; x_wconf 74' lang='lat' dir='ltr'>civitatem</span> <span class='ocrx_word' id='word_1_86' title='bbox 1133 2533 1377 2588; x_wconf 64' lang='lat' dir='ltr'>&amp;rennuentem</span> <span class='ocrx_word' id='word_1_87' title='bbox 1389 2530 1515 2587; x_wconf 69' lang='lat' dir='ltr'>obhnuh.</span> 
     </span>
     <span class='ocr_line' id='line_1_15' title="bbox 580 2672 1587 2773; baseline -0.004 -24"><span class='ocrx_word' id='word_1_88' title='bbox 580 2674 781 2749; x_wconf 84' lang='lat' dir='ltr'>Currebant</span> <span class='ocrx_word' id='word_1_89' title='bbox 803 2690 922 2748; x_wconf 88' lang='lat' dir='ltr'>tamen</span> <span class='ocrx_word' id='word_1_90' title='bbox 943 2688 1074 2773; x_wconf 79' lang='lat' dir='ltr'>treugae</span> <span class='ocrx_word' id='word_1_91' title='bbox 1090 2690 1126 2747; x_wconf 88' lang='lat' dir='ltr'>et</span> <span class='ocrx_word' id='word_1_92' title='bbox 1144 2673 1323 2747; x_wconf 85' lang='lat' dir='ltr'>durabant</span> <span class='ocrx_word' id='word_1_93' title='bbox 1345 2672 1483 2747; x_wconf 89' lang='lat' dir='ltr'>statutis</span> <span class='ocrx_word' id='word_1_94' title='bbox 1499 2687 1587 2745; x_wconf 90' lang='lat' dir='ltr'>tem·</span> 
     </span>
     <span class='ocr_line' id='line_1_16' title="bbox 531 2786 1586 2893; baseline -0.006 -27"><span class='ocrx_word' id='word_1_95' title='bbox 531 2792 692 2893; x_wconf 88' lang='lat' dir='ltr'>poribus.</span> <span class='ocrx_word' id='word_1_96' title='bbox 711 2794 756 2862; x_wconf 85' lang='lat' dir='ltr'>Et</span> <span class='ocrx_word' id='word_1_97' title='bbox 771 2791 856 2889; x_wconf 92' lang='lat' dir='ltr'>ipsis</span> <span class='ocrx_word' id='word_1_98' title='bbox 868 2789 1015 2887; x_wconf 89' lang='lat' dir='ltr'>quidem</span> <span class='ocrx_word' id='word_1_99' title='bbox 1034 2786 1277 2885; x_wconf 84' lang='lat' dir='ltr'>currentibus,</span> <span class='ocrx_word' id='word_1_100' title='bbox 1296 2787 1408 2861; x_wconf 77' lang='lat' dir='ltr'>habiti</span> <span class='ocrx_word' id='word_1_101' title='bbox 1424 2799 1507 2860; x_wconf 91' lang='lat' dir='ltr'>sunt</span> <span class='ocrx_word' id='word_1_102' title='bbox 1524 2812 1586 2887; x_wconf 90' lang='lat' dir='ltr'>per</span> 
     </span>
     <span class='ocr_line' id='line_1_17' title="bbox 532 2902 1585 3004; baseline 0 -28"><span class='ocrx_word' id='word_1_103' title='bbox 532 2906 682 3004; x_wconf 85' lang='lat' dir='ltr'>legatos,</span> <span class='ocrx_word' id='word_1_104' title='bbox 703 2904 814 2977; x_wconf 90' lang='lat' dir='ltr'>modo</span> <span class='ocrx_word' id='word_1_105' title='bbox 837 2904 875 2975; x_wconf 91' lang='lat' dir='ltr'>in</span> <span class='ocrx_word' id='word_1_106' title='bbox 900 2903 1061 2998; x_wconf 79' lang='lat' dir='ltr'>Angliam</span> <span class='ocrx_word' id='word_1_107' title='bbox 1081 2928 1101 2975; x_wconf 91' lang='lat' dir='ltr'>a</span> <span class='ocrx_word' id='word_1_108' title='bbox 1119 2908 1338 2976; x_wconf 86' lang='lat' dir='ltr'>Francorum</span> <span class='ocrx_word' id='word_1_109' title='bbox 1353 2926 1454 3000; x_wconf 85' lang='lat' dir='ltr'>rege,</span> <span class='ocrx_word' id='word_1_110' title='bbox 1475 2902 1585 2976; x_wconf 92' lang='lat' dir='ltr'>modo</span> 
     </span>
     <span class='ocr_line' id='line_1_18' title="bbox 533 3012 1586 3119; baseline -0.003 -26"><span class='ocrx_word' id='word_1_111' title='bbox 533 3022 569 3093; x_wconf 91' lang='lat' dir='ltr'>in</span> <span class='ocrx_word' id='word_1_112' title='bbox 583 3020 767 3093; x_wconf 83' lang='lat' dir='ltr'>Franciam</span> <span class='ocrx_word' id='word_1_113' title='bbox 777 3018 824 3091; x_wconf 94' lang='lat' dir='ltr'>ab</span> <span class='ocrx_word' id='word_1_114' title='bbox 837 3012 1033 3116; x_wconf 82' lang='lat' dir='ltr'>Anglorum</span> <span class='ocrx_word' id='word_1_115' title='bbox 1044 3017 1239 3092; x_wconf 87' lang='lat' dir='ltr'>destinatos</span> <span class='ocrx_word' id='word_1_116' title='bbox 1254 3044 1347 3117; x_wconf 84' lang='lat' dir='ltr'>rege,</span> <span class='ocrx_word' id='word_1_117' title='bbox 1366 3018 1485 3119; x_wconf 83' lang='lat' dir='ltr'>plures</span> <span class='ocrx_word' id='word_1_118' title='bbox 1501 3044 1586 3091; x_wconf 91' lang='lat' dir='ltr'>con·</span> 
     </span>
     <span class='ocr_line' id='line_1_19' title="bbox 532 3132 1587 3236; baseline -0.001 -28"><span class='ocrx_word' id='word_1_119' title='bbox 532 3154 662 3209; x_wconf 85' lang='lat' dir='ltr'>ventus</span> <span class='ocrx_word' id='word_1_120' title='bbox 682 3149 922 3233; x_wconf 88' lang='lat' dir='ltr'>tractatusque</span> <span class='ocrx_word' id='word_1_121' title='bbox 947 3135 993 3207; x_wconf 92' lang='lat' dir='ltr'>de</span> <span class='ocrx_word' id='word_1_122' title='bbox 1015 3158 1124 3235; x_wconf 77' lang='lat' dir='ltr'>pace3</span> <span class='ocrx_word' id='word_1_123' title='bbox 1148 3132 1211 3209; x_wconf 91' lang='lat' dir='ltr'>sed</span> <span class='ocrx_word' id='word_1_124' title='bbox 1232 3134 1405 3209; x_wconf 88' lang='lat' dir='ltr'>ambabus</span> <span class='ocrx_word' id='word_1_125' title='bbox 1430 3134 1587 3236; x_wconf 87' lang='lat' dir='ltr'>partibus</span> 
     </span>
     <span class='ocr_line' id='line_1_20' title="bbox 534 3246 1587 3351; baseline -0.002 -28"><span class='ocrx_word' id='word_1_126' title='bbox 534 3277 614 3325; x_wconf 85' lang='lat' dir='ltr'>suas</span> <span class='ocrx_word' id='word_1_127' title='bbox 624 3251 861 3324; x_wconf 81' lang='lat' dir='ltr'>extremitates</span> <span class='ocrx_word' id='word_1_128' title='bbox 871 3250 1099 3351; x_wconf 86' lang='lat' dir='ltr'>pertinaciter</span> <span class='ocrx_word' id='word_1_129' title='bbox 1110 3246 1358 3343; x_wconf 80' lang='lat' dir='ltr'>retinentibus,</span> <span class='ocrx_word' id='word_1_130' title='bbox 1370 3250 1416 3323; x_wconf 84' lang='lat' dir='ltr'>ad</span> <span class='ocrx_word' id='word_1_131' title='bbox 1429 3250 1587 3323; x_wconf 90' lang='lat' dir='ltr'>medium</span> 
     </span>
     <span class='ocr_line' id='line_1_21' title="bbox 534 3367 1588 3469; baseline -0.003 -29"><span class='ocrx_word' id='word_1_132' title='bbox 534 3370 632 3469; x_wconf 91' lang='lat' dir='ltr'>pacis</span> <span class='ocrx_word' id='word_1_133' title='bbox 639 3368 813 3469; x_wconf 84' lang='lat' dir='ltr'>perveniri</span> <span class='ocrx_word' id='word_1_134' title='bbox 827 3392 903 3440; x_wconf 89' lang='lat' dir='ltr'>non</span> <span class='ocrx_word' id='word_1_135' title='bbox 916 3367 1046 3467; x_wconf 89' lang='lat' dir='ltr'>potuit.</span> <span class='ocrx_word' id='word_1_136' title='bbox 1059 3372 1111 3439; x_wconf 86' lang='lat' dir='ltr'>Ex</span> <span class='ocrx_word' id='word_1_137' title='bbox 1122 3383 1221 3469; x_wconf 89' lang='lat' dir='ltr'>parte</span> <span class='ocrx_word' id='word_1_138' title='bbox 1229 3367 1359 3463; x_wconf 85' lang='lat' dir='ltr'>Caroli,</span> <span class='ocrx_word' id='word_1_139' title='bbox 1371 3372 1588 3440; x_wconf 88' lang='lat' dir='ltr'>Francorum</span> 
     </span>
     <span class='ocr_line' id='line_1_22' title="bbox 535 3484 1587 3584; baseline 0.002 -29"><span class='ocrx_word' id='word_1_140' title='bbox 535 3486 639 3581; x_wconf 79' lang='lat' dir='ltr'>regie,</span> <span class='ocrx_word' id='word_1_141' title='bbox 662 3486 700 3557; x_wconf 91' lang='lat' dir='ltr'>in</span> <span class='ocrx_word' id='word_1_142' title='bbox 722 3484 883 3583; x_wconf 74' lang='lat' dir='ltr'>Angliam</span> <span class='ocrx_word' id='word_1_143' title='bbox 897 3486 995 3557; x_wconf 89' lang='lat' dir='ltr'>missi</span> <span class='ocrx_word' id='word_1_144' title='bbox 1017 3484 1158 3559; x_wconf 76' lang='lat' dir='ltr'>suerunt</span> <span class='ocrx_word' id='word_1_145' title='bbox 1173 3484 1281 3558; x_wconf 87' lang='lat' dir='ltr'>semel</span> <span class='ocrx_word' id='word_1_146' title='bbox 1299 3484 1587 3584; x_wconf 79' lang='lat' dir='ltr'>archiepiscopus</span> 
     </span>
     <span class='ocr_line' id='line_1_23' title="bbox 535 3601 1584 3703; baseline 0.001 -31"><span class='ocrx_word' id='word_1_147' title='bbox 535 3602 716 3673; x_wconf 79' lang='lat' dir='ltr'>hemensis</span> <span class='ocrx_word' id='word_1_148' title='bbox 730 3616 766 3674; x_wconf 90' lang='lat' dir='ltr'>et</span> <span class='ocrx_word' id='word_1_149' title='bbox 781 3603 970 3703; x_wconf 88' lang='lat' dir='ltr'>episcopus</span> <span class='ocrx_word' id='word_1_150' title='bbox 980 3602 1224 3693; x_wconf 88' lang='lat' dir='ltr'>Nannetensis‚</span> <span class='ocrx_word' id='word_1_151' title='bbox 1236 3601 1379 3673; x_wconf 85' lang='lat' dir='ltr'>illustris</span> <span class='ocrx_word' id='word_1_152' title='bbox 1392 3602 1584 3693; x_wconf 69' lang='lat' dir='ltr'>iohannes,</span> 
     </span>
     <span class='ocr_line' id='line_1_24' title="bbox 535 3713 1588 3815; baseline -0.002 -27"><span class='ocrx_word' id='word_1_153' title='bbox 535 3741 656 3789; x_wconf 91' lang='lat' dir='ltr'>comes</span> <span class='ocrx_word' id='word_1_154' title='bbox 671 3718 862 3809; x_wconf 86' lang='lat' dir='ltr'>Dunensis‚</span> <span class='ocrx_word' id='word_1_155' title='bbox 880 3732 916 3791; x_wconf 89' lang='lat' dir='ltr'>et</span> <span class='ocrx_word' id='word_1_156' title='bbox 929 3716 1098 3789; x_wconf 86' lang='lat' dir='ltr'>dominus</span> <span class='ocrx_word' id='word_1_157' title='bbox 1114 3713 1160 3788; x_wconf 91' lang='lat' dir='ltr'>de</span> <span class='ocrx_word' id='word_1_158' title='bbox 1177 3718 1385 3815; x_wconf 73' lang='lat' dir='ltr'>Pressigni¹‚</span> <span class='ocrx_word' id='word_1_159' title='bbox 1396 3718 1471 3815; x_wconf 87' lang='lat' dir='ltr'>qni,</span> <span class='ocrx_word' id='word_1_160' title='bbox 1489 3722 1588 3789; x_wconf 85' lang='lat' dir='ltr'>vete-</span> 
     </span>
     <span class='ocr_line' id='line_1_25' title="bbox 535 3830 1589 3931; baseline 0 -28"><span class='ocrx_word' id='word_1_161' title='bbox 535 3857 643 3905; x_wconf 90' lang='lat' dir='ltr'>ranus</span> <span class='ocrx_word' id='word_1_162' title='bbox 659 3832 783 3920; x_wconf 88' lang='lat' dir='ltr'>miles,</span> <span class='ocrx_word' id='word_1_163' title='bbox 804 3848 880 3904; x_wconf 91' lang='lat' dir='ltr'>tum</span> <span class='ocrx_word' id='word_1_164' title='bbox 903 3856 997 3903; x_wconf 92' lang='lat' dir='ltr'>unus</span> <span class='ocrx_word' id='word_1_165' title='bbox 1018 3854 1061 3902; x_wconf 77' lang='lat' dir='ltr'>en</span> <span class='ocrx_word' id='word_1_166' title='bbox 1080 3830 1295 3931; x_wconf 88' lang='lat' dir='ltr'>primoribus</span> <span class='ocrx_word' id='word_1_167' title='bbox 1316 3832 1365 3903; x_wconf 87' lang='lat' dir='ltr'>in·</span> <span class='ocrx_word' id='word_1_168' title='bbox 1376 3832 1507 3930; x_wconf 83' lang='lat' dir='ltr'>palatio</span> <span class='ocrx_word' id='word_1_169' title='bbox 1527 3854 1589 3903; x_wconf 89' lang='lat' dir='ltr'>scu</span> 
     </span>
     <span class='ocr_line' id='line_1_26' title="bbox 536 3946 1588 4051; baseline -0.002 -30"><span class='ocrx_word' id='word_1_170' title='bbox 536 3946 618 4051; x_wconf 83' lang='lat' dir='ltr'>aula</span> <span class='ocrx_word' id='word_1_171' title='bbox 633 3948 725 4046; x_wconf 86' lang='lat' dir='ltr'>regis</span> <span class='ocrx_word' id='word_1_172' title='bbox 740 3946 939 4020; x_wconf 89' lang='lat' dir='ltr'>habebatur</span> <span class='ocrx_word' id='word_1_173' title='bbox 949 3950 975 4019; x_wconf 89' lang='lat'>¹.</span> <span class='ocrx_word' id='word_1_174' title='bbox 996 3952 1039 4019; x_wconf 85' lang='lat' dir='ltr'>Et</span> <span class='ocrx_word' id='word_1_175' title='bbox 1054 3946 1093 4017; x_wconf 87' lang='lat' dir='ltr'>hi</span> <span class='ocrx_word' id='word_1_176' title='bbox 1109 3946 1258 4047; x_wconf 91' lang='lat' dir='ltr'>quidem</span> <span class='ocrx_word' id='word_1_177' title='bbox 1279 3972 1425 4021; x_wconf 87' lang='lat' dir='ltr'>emenso</span> <span class='ocrx_word' id='word_1_178' title='bbox 1442 3950 1531 4021; x_wconf 89' lang='lat' dir='ltr'>mari</span> <span class='ocrx_word' id='word_1_179' title='bbox 1550 3948 1588 4020; x_wconf 88' lang='lat' dir='ltr'>iu</span> 
     </span>
    </p>
   </div>
   <div class='ocr_carea' id='block_1_4' title="bbox 536 4148 1592 4691">
    <p class='ocr_par' dir='ltr' id='par_1_5' title="bbox 577 4148 1375 4226">
     <span class='ocr_line' id='line_1_27' title="bbox 577 4148 1375 4226; baseline 0.003 -15"><span class='ocrx_word' id='word_1_180' title='bbox 577 4157 606 4211; x_wconf 81' lang='lat'>1.</span> <span class='ocrx_word' id='word_1_181' title='bbox 624 4150 764 4212; x_wconf 77' lang='lat' dir='ltr'>bertrand</span> <span class='ocrx_word' id='word_1_182' title='bbox 776 4150 972 4226; x_wconf 68' lang='lat' dir='ltr'>debetorum</span> <span class='ocrx_word' id='word_1_183' title='bbox 989 4150 1066 4211; x_wconf 78' lang='lat' dir='ltr'>alors</span> <span class='ocrx_word' id='word_1_184' title='bbox 1078 4148 1160 4213; x_wconf 82' lang='lat' dir='ltr'>hailli</span> <span class='ocrx_word' id='word_1_185' title='bbox 1173 4150 1210 4211; x_wconf 82' lang='lat' dir='ltr'>de</span> <span class='ocrx_word' id='word_1_186' title='bbox 1221 4153 1375 4213; x_wconf 81' lang='lat' dir='ltr'>Toumine.</span> 
     </span>
    </p>

    <p class='ocr_par' dir='ltr' id='par_1_6' title="bbox 536 4238 1592 4691">
     <span class='ocr_line' id='line_1_28' title="bbox 577 4238 1591 4319; baseline 0 -20"><span class='ocrx_word' id='word_1_187' title='bbox 577 4244 607 4301; x_wconf 79' lang='lat'>2.</span> <span class='ocrx_word' id='word_1_188' title='bbox 625 4246 762 4300; x_wconf 87' lang='lat' dir='ltr'>L’auteur</span> <span class='ocrx_word' id='word_1_189' title='bbox 774 4238 901 4299; x_wconf 80' lang='lat' dir='ltr'>confond</span> <span class='ocrx_word' id='word_1_190' title='bbox 916 4239 944 4299; x_wconf 89' lang='lat' dir='ltr'>le</span> <span class='ocrx_word' id='word_1_191' title='bbox 961 4240 1114 4318; x_wconf 85' lang='lat' dir='ltr'>personnel</span> <span class='ocrx_word' id='word_1_192' title='bbox 1130 4238 1166 4298; x_wconf 87' lang='lat' dir='ltr'>de</span> <span class='ocrx_word' id='word_1_193' title='bbox 1182 4240 1325 4319; x_wconf 87' lang='lat' dir='ltr'>plusieurs</span> <span class='ocrx_word' id='word_1_194' title='bbox 1341 4240 1524 4303; x_wconf 75' lang='lat' dir='ltr'>ambassades</span> <span class='ocrx_word' id='word_1_195' title='bbox 1540 4238 1591 4319; x_wconf 85' lang='lat' dir='ltr'>qui</span> 
     </span>
     <span class='ocr_line' id='line_1_29' title="bbox 536 4328 1592 4409; baseline -0.001 -20"><span class='ocrx_word' id='word_1_196' title='bbox 536 4342 641 4389; x_wconf 83' lang='lat' dir='ltr'>curent</span> <span class='ocrx_word' id='word_1_197' title='bbox 653 4330 712 4388; x_wconf 88' lang='lat' dir='ltr'>lieu</span> <span class='ocrx_word' id='word_1_198' title='bbox 724 4349 800 4409; x_wconf 93' lang='lat' dir='ltr'>pour</span> <span class='ocrx_word' id='word_1_199' title='bbox 812 4329 840 4388; x_wconf 88' lang='lat' dir='ltr'>le</span> <span class='ocrx_word' id='word_1_200' title='bbox 855 4332 949 4389; x_wconf 73' lang='lat' dir='ltr'>meme</span> <span class='ocrx_word' id='word_1_201' title='bbox 962 4328 1051 4403; x_wconf 87' lang='lat' dir='ltr'>objet.</span> <span class='ocrx_word' id='word_1_202' title='bbox 1074 4329 1183 4389; x_wconf 89' lang='lat' dir='ltr'>Dunois</span> <span class='ocrx_word' id='word_1_203' title='bbox 1196 4329 1241 4388; x_wconf 88' lang='lat' dir='ltr'>sut</span> <span class='ocrx_word' id='word_1_204' title='bbox 1257 4332 1369 4409; x_wconf 77' lang='lat' dir='ltr'>envoye</span> <span class='ocrx_word' id='word_1_205' title='bbox 1391 4330 1468 4391; x_wconf 81' lang='lat' dir='ltr'>deux</span> <span class='ocrx_word' id='word_1_206' title='bbox 1483 4330 1537 4391; x_wconf 73' lang='lat' dir='ltr'>soie</span> <span class='ocrx_word' id='word_1_207' title='bbox 1555 4346 1592 4388; x_wconf 87' lang='lat' dir='ltr'>en</span> 
     </span>
     <span class='ocr_line' id='line_1_30' title="bbox 538 4416 1591 4496; baseline 0.002 -22"><span class='ocrx_word' id='word_1_208' title='bbox 538 4416 708 4496; x_wconf 78' lang='lat' dir='ltr'>Angieterre</span> <span class='ocrx_word' id='word_1_209' title='bbox 723 4441 729 4474; x_wconf 77' lang='grc' dir='ltr'><strong>ε</strong></span> <span class='ocrx_word' id='word_1_210' title='bbox 747 4416 868 4477; x_wconf 80' lang='lat' dir='ltr'>d’abord</span> <span class='ocrx_word' id='word_1_211' title='bbox 880 4438 919 4477; x_wconf 89' lang='lat' dir='ltr'>au</span> <span class='ocrx_word' id='word_1_212' title='bbox 933 4419 1007 4477; x_wconf 83' lang='lat' dir='ltr'>mois</span> <span class='ocrx_word' id='word_1_213' title='bbox 1028 4417 1065 4477; x_wconf 89' lang='lat' dir='ltr'>de</span> <span class='ocrx_word' id='word_1_214' title='bbox 1081 4416 1195 4492; x_wconf 86' lang='lat' dir='ltr'>janvier</span> <span class='ocrx_word' id='word_1_215' title='bbox 1212 4420 1309 4490; x_wconf 75' lang='lat' dir='ltr'>tm,</span> <span class='ocrx_word' id='word_1_216' title='bbox 1323 4436 1394 4479; x_wconf 86' lang='lat' dir='ltr'>avec</span> <span class='ocrx_word' id='word_1_217' title='bbox 1407 4418 1436 4480; x_wconf 87' lang='lat' dir='ltr'>le</span> <span class='ocrx_word' id='word_1_218' title='bbox 1449 4432 1541 4480; x_wconf 87' lang='lat' dir='ltr'>comte</span> <span class='ocrx_word' id='word_1_219' title='bbox 1554 4416 1591 4476; x_wconf 87' lang='lat' dir='ltr'>de</span> 
     </span>
     <span class='ocr_line' id='line_1_31' title="bbox 538 4496 1591 4587; baseline 0.004 -20"><span class='ocrx_word' id='word_1_220' title='bbox 538 4496 707 4583; x_wconf 69' lang='lat' dir='ltr'>Vendunt,</span> <span class='ocrx_word' id='word_1_221' title='bbox 722 4498 926 4587; x_wconf 72' lang='lat' dir='ltr'>l&#39;arehcveqne</span> <span class='ocrx_word' id='word_1_222' title='bbox 936 4508 974 4568; x_wconf 86' lang='lat' dir='ltr'>de</span> <span class='ocrx_word' id='word_1_223' title='bbox 987 4508 1108 4584; x_wconf 74' lang='lat' dir='ltr'>Vienna,</span> <span class='ocrx_word' id='word_1_224' title='bbox 1120 4508 1261 4569; x_wconf 76' lang='lat' dir='ltr'>nermo</span> <span class='ocrx_word' id='word_1_225' title='bbox 1275 4508 1312 4569; x_wconf 90' lang='lat' dir='ltr'>de</span> <span class='ocrx_word' id='word_1_226' title='bbox 1326 4512 1480 4586; x_wconf 74' lang='lat' dir='ltr'>iterumn,</span> <span class='ocrx_word' id='word_1_227' title='bbox 1494 4510 1591 4571; x_wconf 73' lang='lat' dir='ltr'>Piero</span> 
     </span>
     <span class='ocr_line' id='line_1_32' title="bbox 536 4595 1592 4691; baseline -0.002 -28"><span class='ocrx_word' id='word_1_228' title='bbox 536 4595 577 4657; x_wconf 72' lang='lat' dir='ltr'>&lt;b</span> <span class='ocrx_word' id='word_1_229' title='bbox 591 4598 691 4668; x_wconf 61' lang='lat' dir='ltr'>hiat.</span> <span class='ocrx_word' id='word_1_230' title='bbox 705 4600 873 4665; x_wconf 73' lang='lat' dir='ltr'>cutum</span> <span class='ocrx_word' id='word_1_231' title='bbox 883 4604 1050 4680; x_wconf 80' lang='lat' dir='ltr'>etJaoqooa</span> <span class='ocrx_word' id='word_1_232' title='bbox 1061 4600 1205 4664; x_wconf 81' lang='lat' dir='ltr'>Jouvenel</span> <span class='ocrx_word' id='word_1_233' title='bbox 1217 4600 1270 4665; x_wconf 79' lang='lat' dir='ltr'>deo</span> <span class='ocrx_word' id='word_1_234' title='bbox 1282 4602 1396 4677; x_wconf 75' lang='lat' dir='ltr'>unios,</span> <span class='ocrx_word' id='word_1_235' title='bbox 1408 4600 1531 4691; x_wconf 75' lang='lat' dir='ltr'>celui-ci</span> <span class='ocrx_word' id='word_1_236' title='bbox 1541 4616 1592 4661; x_wconf 72' lang='lat' dir='ltr'>m·</span> 
     </span>
    </p>
   </div>
   <div class='ocr_carea' id='block_1_5' title="bbox 0 0 1965 5892">
    <p class='ocr_par' dir='ltr' id='par_1_7' title="bbox 0 0 1965 5892">
     <span class='ocr_line' id='line_1_33' title="bbox 0 0 1965 5892; baseline 0 0"><span class='ocrx_word' id='word_1_237' title='bbox 0 0 1965 5892; x_wconf 95' lang='lat' dir='ltr'> </span> 
     </span>
    </p>
   </div>
  </div>
 </body>
</html>
