3892 5892
536 928 574 985 bb
823 914 1081 976 utst‘otttautttt
1099 908 1238 972 cliton
1258 907 1311 963 vtt
1333 896 1346 941 l

585 1052 635 1120 Ex
649 1071 723 1146 quo
739 1059 775 1117 et
791 1043 847 1114 his
863 1040 927 1138 qui,
941 1039 978 1109 in
997 1032 1185 1107 obsidione
1201 1026 1302 1103 erant
1318 1027 1460 1119 solatia,
1479 1023 1600 1097 obses·

534 1172 581 1245 sis
596 1194 683 1243 vero
702 1169 819 1240 luctus
838 1162 1012 1261 plurimus
1033 1170 1069 1229 et
1089 1153 1255 1227 moestitia
1275 1172 1503 1250 promovere.
1525 1146 1596 1218 Sed

534 1283 768 1359 nihilominus
783 1302 884 1378 spem
893 1274 1009 1348 'divini
1025 1270 1144 1344 auxilii
1162 1268 1310 1340 minime
1322 1264 1541 1362 abjicientes,
1560 1279 1597 1336 et

534 1404 571 1475 in
594 1400 701 1475 rebus
720 1396 859 1498 afflictis
873 1392 1010 1464 sortiter
1023 1403 1067 1460 et
1083 1398 1289 1460 constanter
1304 1380 1492 1463 conatibus
1507 1380 1597 1452 hos-

533 1520 624 1590 tium
652 1492 886 1597 reluctantes,
914 1505 1036 1578 divina
1068 1502 1120 1575 eis
1145 1524 1221 1573 non
1249 1496 1416 1570 defutura
1436 1492 1597 1569 remedia

426 1706 432 1721 ,
533 1631 767 1733 praesidiaque
799 1620 1053 1708 confidebant,
1091 1641 1197 1707 cum,
1236 1629 1277 1686 ut
1316 1614 1407 1688 sacri
1435 1609 1597 1685 Dauidici

531 1746 657 1846 hymni
674 1744 885 1833 concinunt,
913 1736 1080 1810 divinitas
1103 1732 1260 1829 adjutrix
1279 1754 1422 1829 semper
1443 1752 1520 1801 esse
1542 1750 1596 1798 so·

530 1864 637 1937 leat
628 1888 664 1935 m
689 1854 1045 1960 opportunitatibus,
1069 1852 1106 1922 in
1140 1848 1371 1920 tribulatione
1407 1861 1444 1918 et
1474 1834 1597 1945 prote-

531 1986 652 2057 ctione
663 1980 884 2111 sperantium
898 1979 934 2048 in
953 2000 1003 2046 se.
1023 1975 1111 2060 Quae
1121 1971 1247 2068 utique
1262 1994 1342 2067 spes
1359 1973 1465 2064 atque
1480 1962 1595 2037 confi·

531 2100 674 2191 dentia,
694 2121 804 2196 quam
826 2096 863 2166 in
885 2092 1008 2167 divina
1028 2089 1158 2186 pietate
1175 2097 1429 2184 reposuerant,
1447 2082 1498 2157 eis
1520 2103 1595 2181 non

531 2216 609 2289 sine
625 2216 742 2286 fructu
759 2224 821 2284 aut
834 2210 932 2281 irrita
950 2220 1013 2278 aut
1031 2225 1144 2277 vacua
1157 2200 1242 2290 fuit,
1259 2224 1327 2272 nec
1346 2197 1498 2271 fraudati
1512 2185 1596 2268 sunt

531 2354 553 2403 a
571 2328 751 2401 desiderio
772 2350 857 2414 su03
871 2318 1036 2394 mirabili
1053 2318 1149 2391 enim
1171 2314 1281 2387 modo
1298 2329 1334 2385 et
1354 2311 1505 2385 multis
1496 2334 1597 2382 mau-

531 2446 609 2520 dito
627 2445 764 2519 saeculis
781 2439 969 2516 elementia
984 2438 1050 2509 Dei
1069 2460 1110 2508 ac
1125 2432 1268 2505 bonitas
1282 2429 1454 2520 obsessis,
1477 2441 1513 2500 et
1531 2450 1596 2526 per

530 2562 602 2635 hoc
631 2564 739 2636 etiam
771 2555 940 2633 omnibus
970 2552 1142 2681 Francis,
1169 2548 1294 2622 solatia
1325 2559 1432 2644 atque
1465 2542 1595 2617 auxilia

531 2679 697 2753 contulit.

886 2922 1149 3035 ctattottttt
1174 2922 1234 2991 tx.

604 3202 607 3209 1
634 3116 674 3171 De
683 3116 789 3169 loanna
799 3114 890 3170 Puella
904 3134 911 3179 ;
924 3112 1038 3184 qualiter
1048 3110 1083 3166 ad
1095 3112 1259 3171 Francorum
1268 3120 1359 3184 regem
1370 3110 1487 3166 aeoesrit.

580 3282 659 3356 Fuit
676 3282 771 3354 enim
790 3281 847 3354 bis
870 3276 996 3352 diebus
1017 3266 1136 3379 puella
1161 3276 1343 3375 quaedam,
1367 3282 1504 3350 loanna
1524 3298 1593 3347 no·

531 3400 645 3491 mine,
663 3399 812 3472 vixdum
827 3395 960 3496 pubes,
978 3396 1080 3492 virgo
1096 3394 1266 3493 quidem,
1292 3406 1332 3465 ut
1357 3392 1404 3465 ab
1426 3391 1594 3466 omnibus

530 3520 702 3592 aestimata
718 3517 802 3607 suit,
823 3531 902 3589 orta
917 3515 953 3585 in
970 3511 1102 3585 finibus
1117 3511 1318 3613 Campaniae
1335 3524 1370 3583 et
1393 3524 1492 3583 terrae
1509 3515 1594 3582 Bar·

532 3636 666 3728 remis,
692 3633 738 3706 de
759 3632 843 3705 villa
866 3631 924 3704 cui
946 3653 1082 3702 nomen
1102 3627 1353 3699 Vaocooleur¹.
1380 3624 1491 3717 Quae,
1510 3649 1594 3699 eum

532 3774 673 3849 gregem
685 3750 794 3849 patris
811 3748 865 3820 sui
883 3734 1054 3843 pasceret,
1068 3758 1104 3816 et
1118 3743 1354 3816 nihilominus
1370 3743 1408 3814 in
1421 3742 1593 3841 religione

532 3868 662 3940 Christi
687 3866 878 3955 instructa,
903 3862 1118 3958 singularem
1135 3858 1336 3931 devotionis
1352 3858 1528 3931 servorem
1546 3857 1592 3934 ad

532 3980 711 4062 Christum
733 3993 768 4053 et
792 3978 984 4076 gloriosam
1006 3977 1083 4074 ejus
1101 3975 1328 4074 genitricem,
1354 3975 1461 4048 simul
1487 3975 1593 4048 etiam

532 4114 671 4175 sanctas
684 4096 836 4195 virgines
849 4092 1091 4184 catharinam,
1111 4094 1358 4188 Margaretam,
1372 4097 1544 4189 agnetem
1559 4104 1595 4166 et

533 4215 725 4290 nonnullas
745 4212 832 4285 alias
852 4225 1010 4309 gereret,
1037 4207 1196 4307 quodam
1219 4206 1278 4279 die
1295 4208 1435 4281 divinas
1458 4207 1593 4282 revela·

532 4335 648 4409 tiones
659 4356 697 4405 se
708 4328 875 4403 habuisse
891 4338 1095 4399 constanter
1108 4321 1320 4417 affirmabat,
1338 4324 1492 4423 sibique,
1505 4323 1593 4398 dum

574 4538 604 4593 t.
619 4534 827 4595 lnadvertanee
839 4531 877 4590 de
889 4529 1027 4603 tantem,
1040 4528 1179 4607 quieuit
1189 4540 1255 4591 tous
1264 4527 1307 4589 les
1319 4548 1442 4607 moyens
1452 4530 1490 4591 de
1496 4529 1595 4591 savoir

534 4622 641 4705 qu’elle
656 4623 725 4683 etait
734 4623 790 4683 nee
803 4625 821 4681 a
833 4618 1014 4699 Dompreuri.
