3892 5892
736 889 848 948 matt
870 889 1022 950 amitus,
1402 887 1420 944 9
1540 981 1545 992 ι

360 1014 494 1089 vincias
507 1013 625 1110 regni,
637 1035 742 1086 aures
757 1025 966 1108 mentesque
977 1010 1196 1110 populorum
1208 1024 1418 1110 occupante,

360 1144 459 1204 unta
485 1128 621 1202 invidia
646 1127 742 1227 apud
765 1125 907 1226 plebes,
924 1150 1004 1223 quae
1027 1125 1276 1225 hujuscemodi
1298 1150 1421 1224 grava·

360 1247 460 1319 mina
484 1243 709 1348 vectigalium
737 1255 844 1339 atque
875 1242 1103 1315 exactionum
1130 1243 1235 1315 altius
1266 1243 1423 1316 sentiunt

359 1379 468 1462 atque
479 1363 676 1461 suspirant,
688 1361 844 1434 conflata
854 1360 920 1434 suit
932 1359 1103 1434 adversus
1117 1361 1422 1434 Aurelianensium

359 1479 490 1554 ducem
501 1505 513 1566 ς
526 1492 646 1551 tantus
657 1501 745 1550 vero
760 1499 878 1566 amor,
889 1476 1003 1574 gratia
1018 1490 1125 1573 atque
1142 1475 1242 1549 favor
1258 1476 1422 1552 omnium

360 1594 446 1668 duci
468 1593 680 1690 Burgundiae
704 1605 948 1682 accesserunt,
966 1605 1024 1686 ut,
1042 1591 1287 1666 interlectione
1314 1592 1423 1690 ipsius

360 1708 670 1784 aurelianensium
682 1708 785 1783 ducis
795 1707 940 1780 modico
953 1722 1036 1810 post
1051 1723 1211 1809 tempore
1220 1708 1421 1798 subsecuta,

361 1824 531 1899 omnibus
555 1849 657 1924 paene
681 1823 881 1898 civitatibus
905 1838 941 1896 et
963 1821 1130 1923 plebibus
1154 1826 1275 1923 regni,
1293 1825 1425 1922 quibus

361 1941 579 2016 exsecrabile
594 1943 672 2040 ejus
686 1965 822 2014 nomen
842 1964 886 2014 ex
901 1942 1082 2015 antedicto
1099 1967 1242 2016 rumore
1259 1942 1425 2015 ellectum

361 2049 493 2154 luerat,
511 2086 554 2136 ea
570 2086 626 2135 res
642 2076 742 2160 grata
752 2062 1034 2159 atquejucuoda
1046 2063 1237 2152 exsisteret,
1254 2077 1424 2161 tanquam

362 2178 585 2251 meritissime
600 2193 637 2252 ct
648 2178 842 2277 justissime
856 2177 1031 2252 exstincto
1049 2179 1111 2252 illo
1134 2180 1196 2276 qui
1211 2203 1283 2252 suae
1303 2179 1425 2252 salutis

361 2317 405 2366 ac
430 2291 621 2384 libertat'p,
650 2308 687 2366 et
717 2294 817 2389 regni
848 2293 956 2365 totius
988 2293 1154 2366 inimicus
1188 2293 1426 2392 permaximus

364 2431 505 2508 semper
519 2407 655 2480 diisset.

725 2659 987 2732 ctrttututs
1008 2660 1069 2729 lV.

474 2867 620 2938 Quomodo
630 2869 748 2924 lautum
760 2865 837 2922 ducis
848 2866 1045 2922 Aurelianensis
1056 2869 1113 2941 ejus
1124 2886 1216 2924 necem
1228 2869 1319 2924 ulcisci

816 2971 974 3014 summunt.

415 3145 546 3214 Verum
556 3142 643 3238 quia
661 3140 966 3216 aurelianensium
982 3142 1056 3216 dux
1071 3143 1262 3243 predictus
1271 3195 1282 3232 ,
1293 3146 1355 3242 qui
1364 3199 1376 3237 ,
1388 3161 1428 3220 ut

364 3281 472 3356 supra
489 3256 661 3348 diximus,
680 3258 717 3328 in
733 3281 845 3353 regno
863 3257 1022 3355 primum
1042 3271 1125 3356 post
1141 3283 1280 3358 regem,
1300 3261 1374 3333 imo
1392 3276 1428 3334 et

365 3396 473 3473 supra
490 3397 628 3470 regem,
647 3373 730 3469 qui,
758 3370 888 3444 mentis
911 3373 1047 3471 impos,
1063 3374 1164 3470 regni
1189 3375 1428 3449 moderationi
1483 3394 1487 3408 ’

364 3501 443 3560 erat
458 3488 609 3578 inutilis,
623 3487 788 3560 obtinere
803 3486 1006 3580 videbatur,
1024 3511 1151 3560 omnes
1164 3487 1236 3560 lere
1250 3489 1429 3588 principes

364 3620 401 3678 et
422 3605 555 3678 militiae
576 3604 686 3677 duces
709 3602 777 3676 sibi
799 3602 997 3677 benevolos
1012 3617 1121 3703 atque
1137 3602 1288 3678 devotos
1303 3603 1428 3678 effece-

364 3735 441 3814 rat,
453 3721 529 3818 ejus
545 3717 678 3792 cedem
696 3733 805 3818 atque
821 3718 1106 3794 interfectionem
1118 3719 1269 3793 inultam
1282 3720 1429 3794 transire

364 3837 475 3911 iidem
504 3836 571 3936 ipsi
593 3837 693 3932 regni
723 3835 905 3934 principes
929 3837 1079 3910 minime
1103 3851 1341 3928 censuerunt,
1365 3837 1429 3911 sed

365 3980 432 4054 pro
447 3954 568 4052 legum
582 3951 812 4054 publicarum
823 3967 961 4043 tenore,
975 3977 1057 4051 quae
1070 3952 1240 4026 adversus
1253 3953 1430 4027 occisores

365 4070 648 4142 consiliariorum
663 4069 836 4168 principis
848 4081 884 4141 et
895 4069 973 4166 ejus
984 4067 1217 4142 assidentium
1232 4065 1352 4158 lateri,
1365 4093 1427 4142 seu

367 4181 455 4256 alios
470 4186 579 4258 etiam
592 4185 739 4259 sicarios
760 4199 869 4283 atque
884 4183 1104 4274 homicidas,
1123 4185 1247 4285 positae
1263 4199 1363 4276 sunt,
1382 4184 1428 4258 de

367 4297 576 4373 auctoribus
598 4297 807 4396 hujusmodi
829 4313 904 4371 tam
923 4298 1086 4373 nefandae
1101 4299 1216 4389 necis,
1236 4324 1316 4398 quae
1331 4299 1430 4373 horis

369 4413 552 4486 nocturnis
572 4414 732 4505 Parisiis,
752 4415 789 4486 in
814 4427 924 4488 strata
944 4411 1090 4513 publica
1100 4418 1123 4508 ¹,
1141 4413 1229 4487 dum
1245 4413 1342 4490 idem
1356 4413 1429 4488 dux

410 4647 441 4704 ι.
462 4647 573 4704 um
585 4642 883 4726 putassemus.
