3892 5892
610 916 667 975 308
892 909 1148 973 mstomattmt
1168 907 1308 972 cauom
1329 907 1386 968 vn

608 1053 646 1110 et
659 1034 929 1136 quodammodo
947 1034 1158 1110 surientibus
1174 1033 1309 1108 similes
1323 1029 1454 1121 effecti,
1467 1026 1642 1102 servitutem

608 1151 818 1250 gallicanam
838 1151 1105 1246 horrescentes,
1128 1149 1317 1223 communi
1343 1149 1481 1246 impetu
1501 1141 1642 1216 adarna

608 1269 795 1342 unanimes
824 1280 1095 1340 concurrerunt.
1125 1265 1234 1355 Quod
1262 1287 1343 1336 non
1372 1263 1450 1336 sine
1473 1261 1589 1332 timore
1612 1274 1644 1323 ac

597 1397 743 1466 ,terrore
758 1382 869 1454 iidem
884 1382 971 1478 regii
988 1381 1222 1454 commissarii
1237 1403 1324 1456 cum
1342 1378 1478 1452 factum
1493 1372 1643 1453 viderent,

606 1500 725 1573 soluto
749 1513 951 1590 conventu,
981 1497 1090 1572 celeri
1125 1499 1208 1596 luga
1236 1497 1306 1570 sibi
1340 1495 1581 1580 consulentes,
1607 1481 1643 1556 ad

494 1608 497 1612 ’
606 1638 724 1688 arcem
742 1614 909 1707 civitatis,
927 1637 1037 1710 quam
1054 1612 1204 1686 militare
1220 1612 1432 1713 praesidium
1451 1631 1474 1682 a
1494 1629 1569 1702 rege
1587 1596 1643 1672 illic

605 1729 762 1828 positum
779 1726 1000 1820 asservabat,
1016 1751 1139 1826 gressu
1149 1751 1308 1827 propero
1325 1725 1570 1822 confugerunt.
1583 1716 1643 1784 su·

476 1834 478 1837 ⁵
606 1846 672 1919 tim
688 1860 807 1920 autem
823 1859 899 1918 tota
914 1857 1099 1919 commota
1112 1844 1254 1918 civitate
1277 1858 1314 1916 et
1337 1842 1538 1917 libertatem
1551 1827 1642 1904 accit·

605 1976 747 2054 mante,
768 1961 876 2035 etiam
893 1985 1011 2034 arcem
1029 1963 1146 2063 ipsam
1161 1959 1357 2034 obsidione
1380 1945 1639 2033 conclusemut¹

653 2079 742 2164 Quae
762 2100 819 2150 res
841 2101 926 2150 cum
943 2078 1019 2178 regi
1041 2077 1228 2151 exstitisset
1249 2078 1419 2150 nuntiata
1428 2071 1561 2172 ,ipsius
1582 2058 1641 2134 ani·

603 2214 705 2263 mum
715 2215 791 2264 non
803 2215 932 2292 parum
943 2193 1088 2265 anxium
1104 2190 1291 2288 reddebat,
1304 2217 1395 2265 cum
1411 2182 1573 2262 militibus
1585 2193 1642 2248 suu

604 2307 712 2382 etiam
719 2322 876 2441 ,praeter
889 2307 983 2381 illius
1004 2306 1156 2381 dominii
1176 2307 1435 2397 amissionem,
1454 2321 1553 2400 gutte
1566 2288 1641 2393 peri·

604 2423 751 2497 culum'
741 2424 929 2497 imminere
943 2438 1119 2498 cerneret.
1133 2425 1438 2524 Cogitansitaque
1451 2409 1641 2493 taliobriare

602 2539 775 2635 jacturae,
802 2539 908 2612 simul
932 2555 969 2613 et
991 2540 1155 2616 militiam
1182 2541 1358 2614 suamab
1385 2537 1584 2612 imminente
1603 2519 1640 2592 111

606 2660 714 2730 exitio
734 2672 921 2758 protegere
938 2683 981 2732 ac
989 2658 1199 2753 defensare,
1217 2657 1487 2759 expeditionem
1502 2649 1558 2724 illo
1571 2635 1642 2714 mili·

606 2790 719 2849 tarem
730 2775 894 2850 navalem
908 2799 952 2850 ac
966 2791 1169 2852 terrestrem
1186 2777 1366 2854 destinare
1383 2771 1530 2852 curavit
1542 2753 1640 2838 Navali

606 2905 726 2965 autem
745 2891 886 2990 prefuit
906 2895 1078 2985 Reuetus,
1100 2918 1162 2966 rex
1186 2895 1332 2988 Sicilire,
1352 2896 1400 2970 de
1416 2915 1490 2993 quo
1505 2891 1640 2980 supetlus

606 3007 811 3106 frequenter
827 3009 1074 3083 meminimus·
1066 3010 1157 3109 ,qui
1173 3034 1217 3085 ex
1232 3009 1352 3085 littore
1369 3001 1567 3085 provincie,
1580 3007 1641 3088 qur

605 3123 674 3198 sibi
687 3125 853 3224 parebat,
870 3124 1028 3200 collectis
1041 3126 1226 3201 nonnullis
1239 3119 1381 3226 galleis,
1402 3120 1507 3200 armis
1521 3126 1554 3188 et
1568 3101 1641 3180 mili·

606 3241 727 3316 tibus
717 3244 914 3338 rnstructis,
933 3268 1000 3345 per
1021 3269 1119 3319 mare
1136 3243 1184 3318 ad
1208 3245 1376 3318 solatium
1403 3233 1551 3316 obsessis
1572 3239 1641 3324 ΡΨ

606 3340 796 3461 standum,
813 3384 988 3433 unacum
1004 3361 1160 3434 terrestri
1176 3360 1403 3460 expeditione
1420 3353 1560 3432 deberet
1574 3351 1640 3410 001¹·

605 3499 764 3550 currere.
778 3475 926 3548 Parrbat
937 3490 1058 3549 autern
1071 3475 1190 3550 adhuc
1201 3491 1279 3549 tum
1287 3501 1361 3575 regr
1351 3475 1527 3554 Sasona,
1541 3453 1639 3532 civitat

605 3589 803 3682 maritima,
821 3590 940 3663 vicina
960 3595 1103 3685 lanuae3
1123 3616 1166 3664 ex
1188 3591 1290 3687 cujus
1305 3609 1435 3691 portu,
1454 3604 1535 3660 cum
1550 3561 1639 3665 ⁰⁰Pi⁸

605 3707 767 3805 equitum
783 3719 891 3806 atque
906 3706 1070 3806 peditum
1086 3732 1151 3808 per
1172 3723 1321 3781 terram
1318 3723 1455 3808 parare
1477 3689 1637 3774 adforent,

604 3818 716 3892 classe
728 3817 859 3911 soluta,
878 3819 925 3893 ad
939 3836 1085 3920 portum
1101 3827 1222 3895 lanuae
1233 3821 1331 3896 idem
1346 3827 1498 3898 Renatus
1511 3794 1637 3908 appulit

605 3937 695 4008 Cum
705 3949 825 4009 autem
836 3960 880 4009 ex
892 3935 1066 4012 adverso
1055 3963 1122 4038 rpsr
1113 3939 1329 4014 lanuenses
1340 3963 1461 4040 copres
1473 3909 1639 4007 nonnuli&

603 4051 764 4149 equitum
780 4075 801 4125 a
818 4051 909 4126 duce
925 4053 1137 4150 Mediolani,
1156 4046 1304 4153 magnas
1320 4078 1465 4156 quoque
1480 4039 1636 4152 peditum,

602 4181 640 4238 et
663 4166 872 4243 decivitate
897 4183 932 4242 et
957 4169 1200 4267 adjacentibus
1220 4172 1404 4246 montibus
1429 4183 1532 4265 atque
1554 4157 1638 4224 terr¹⁵

600 4300 860 4384 aggregassent,
872 4289 909 4360 in
920 4293 1139 4362 Francorum
1152 4303 1355 4364 terrestrem
1367 4285 1564 4364 exercitum,
1578 4279 1634 4338 V¹¹r

600 4398 738 4496 pedites
755 4402 812 4474 vel
827 4403 983 4502 equites,
1001 4429 1066 4506 per
1081 4430 1207 4507 aspera
1219 4407 1364 4482 illorum
1385 4401 1555 4481 montium
1576 4393 1638 4478 811·

641 4636 673 4694 l.
694 4639 735 4696 1ae
751 4640 770 4695 9
785 4642 963 4701 mmttot.
