3892 5892
739 885 849 948 stass
868 884 1033 951 twffls.
1364 887 1420 951 ild

364 1010 554 1083 simaeum
570 1007 762 1081 advolavit.
780 1007 907 1098 Unde,
924 1032 989 1107 per
1007 1009 1160 1106 spatium
1178 1008 1297 1081 minus
1313 1032 1421 1107 quarn

363 1124 460 1217 borae
478 1126 602 1220 unius,
632 1149 695 1197 rex
722 1148 744 1197 a
771 1124 956 1207 nonnullis
981 1125 1120 1201 viarum
1137 1125 1421 1224 exploratoribus

364 1242 493 1313 certior
515 1240 561 1313 de
578 1240 773 1337 auglorum
790 1240 949 1311 adventu
971 1238 1103 1331 sactus,
1124 1238 1171 1311 ad
1196 1238 1342 1314 alteram
1358 1244 1420 1314 Se·

363 1379 489 1451 quanae
504 1356 620 1454 ripam
641 1354 715 1451 jam
742 1355 948 1444 transierat,
975 1378 1090 1453 prope
1111 1352 1173 1424 nbi
1189 1354 1304 1431 amnis
1321 1359 1422 1429 isara

363 1472 536 1567 Sequanae
560 1469 701 1562 influit,
725 1470 808 1559 sed,
832 1468 975 1540 volente
999 1472 1076 1544 Deo
1105 1469 1185 1570 qui,
1214 1493 1296 1542 curn
1320 1468 1419 1562 vult,

362 1584 510 1682 dissipat
534 1585 765 1681 cogitationes
782 1584 1004 1693 populorum
1027 1598 1063 1655 et
1084 1584 1252 1689 reprobat
1274 1585 1421 1659 consilia

363 1700 587 1799 principum,
607 1724 675 1772 nec
696 1700 827 1772 ducem
847 1698 998 1771 Eboraci
1022 1724 1088 1774 nee
1107 1724 1255 1773 suorum
1273 1699 1362 1773 ullas
1380 1702 1423 1774 il·

362 1812 408 1885 lie
425 1814 603 1888 custodias
619 1814 782 1906 ollendit,
802 1827 838 1886 et
854 1811 901 1885 ad
912 1826 1069 1885 castrum
1082 1812 1334 1903 Confluentis¹‚
1347 1840 1421 1887 non

363 1928 409 2001 ab
426 1930 511 2003 inde
525 1930 678 2003 multum
692 1944 884 2019 remotum,
903 1942 1020 2005 tutum
1043 1928 1284 2023 domicilium,
1306 1956 1343 2003 se
1369 1956 1423 2011 re·

362 2046 468 2144 cepit.
488 2043 681 2117 Dicebatur
698 2044 794 2116 enim
813 2058 886 2115 tam
908 2044 1094 2151 parvulam
1112 2047 1283 2144 temporis
1300 2071 1422 2119 moru-

257 2212 265 2224 .
363 2159 434 2233 lam
448 2162 671 2259 praeteriisse,
697 2160 796 2260 quod
817 2187 878 2233 rex
897 2186 917 2236 e
935 2160 1045 2233 cubili
1065 2140 1235 2234 excitatns
1251 2162 1422 2236 discesse-

363 2290 437 2364 rat,
460 2302 546 2349 cum
571 2276 704 2373 Anglici
727 2277 868 2349 Pissiaci
896 2260 1154 2349 monasterinm
1178 2276 1419 2373 intraverunt,

363 2390 462 2487 quod
472 2390 590 2463 adhoc
603 2390 730 2464 cubilis
749 2393 803 2463 sui
817 2390 1025 2463 linteamina
1035 2390 1184 2463 calentia
1195 2392 1419 2487 invenerunt,

364 2518 436 2575 tam
455 2530 579 2577 recens
601 2521 676 2578 erat
693 2506 793 2602 qnod
813 2531 874 2579 rex
890 2530 933 2578 ex
955 2531 1021 2579 suo
1041 2505 1132 2577 lecto
1157 2506 1422 2604 expergefactus

362 2616 559 2722 exsiliisset.

412 2736 580 2831 Regressa
604 2734 710 2832 igitur
738 2736 774 2805 in
793 2735 1050 2809 Normanniam
1071 2758 1154 2806 cum
1176 2734 1419 2829 festinatione,

362 2862 402 2920 ut
424 2849 595 2951 diximus,
622 2844 717 2922 duce
743 2849 894 2922 Eboraci
918 2874 1002 2921 cnm
1032 2874 1097 2921 suo
1121 2849 1299 2943 exercitu,
1329 2850 1421 2925 lame

361 2964 597 3066 plurimisque
614 2966 742 3039 inediis
758 2965 944 3055 conlecto,
960 2991 1035 3059 rer,
1049 2966 1112 3068 qui
1128 2989 1203 3037 non
1221 2966 1422 3068 proculab·

362 3094 456 3171 erat,
472 3080 519 3153 ad
533 3106 634 3155 suam
651 3082 844 3154 Pontisarae
868 3081 1097 3154 obsidionem
1121 3080 1216 3153 illico
1235 3084 1417 3155 remeavit.

363 3194 433 3265 Sed
462 3220 547 3267 enm
569 3211 604 3269 at
620 3198 695 3295 ipse
715 3210 750 3267 et
767 3197 822 3285 sni
845 3196 975 3267 milites
994 3219 1145 3273 annonae
1174 3194 1420 3269 difficultatem

363 3329 438 3377 non
454 3331 602 3406 parram
617 3323 842 3409 paterentur,
859 3324 1007 3408 propter
1025 3310 1217 3406 adjacentis
1230 3312 1421 3407 provinciae

364 3422 562 3494 vastitatem
584 3448 626 3495 ae
650 3423 1050 3520 desertionem,'prope
1078 3423 1143 3493 init
1168 3438 1229 3512 nt,
1257 3422 1419 3497 inefficax

363 3536 505 3630 abiens,
523 3562 625 3610 suam
642 3538 794 3619 solveret
809 3538 1049 3614 obsidionem.
1067 3542 1319 3612 Verumtamen
1337 3564 1418 3611 cum

363 3654 437 3726 suis
453 3652 604 3726 ducibus
620 3650 742 3727 habita
757 3652 946 3753 superbos
959 3652 1235 3743 deliberatione,
1257 3654 1418 3726 omnium

364 3770 401 3842 in
418 3770 491 3843 boc
506 3770 683 3843 sententia
699 3770 830 3843 resedit
845 3770 963 3867 quod,
983 3771 1193 3869 priusquam
1213 3770 1251 3842 id
1267 3770 1417 3861 taceret,

364 3886 448 3958 totis
464 3884 598 3959 viribus
615 3886 791 3985 oppidum
808 3885 1058 3983 aggrederetur
1073 3910 1289 3991 expugnare,
1309 3910 1371 3976 ne,
1390 3888 1420 3960 si

363 3998 435 4071 hoe
455 4002 606 4097 minime
624 4016 797 4075 attentato
812 4000 1030 4091 discederet,
1053 4002 1245 4098 inglorium
1261 4001 1366 4073 nimis
1384 4018 1420 4075 et

365 4112 577 4189 indecorum
599 4116 667 4189 sibl
690 4131 914 4215 reputaretur
936 4116 973 4187 in
1002 4132 1184 4213 posterum
1207 4141 1300 4215 :per
1319 4116 1418 4213 quod

364 4228 572 4303 animositas
590 4233 707 4329 maj0r
735 4246 771 4305 et
795 4232 943 4306 andacia
963 4230 1128 4305 hostibus
1149 4232 1221 4305 suis
1246 4233 1418 4305 verisimi-

364 4341 443 4415 liter
458 4361 682 4419 accresceret.

405 4606 434 4661 t.
456 4600 876 4680 enudans-Sainteiionorine,
889 4602 956 4680 pris
969 4601 1006 4663 de
1018 4588 1237 4674 l’enboocboie
1250 4602 1287 4667 da
1299 4604 1395 4673 tone.
