3892 5892
805 898 914 955 LIBER
934 898 1084 956 rmuus.
1430 898 1465 954 tt

415 1042 482 1119 pro
512 1040 576 1091 sna
604 1019 801 1091 temeritate
824 1020 1013 1119 supplicio,
1047 1016 1214 1117 eoquod
1241 1043 1323 1091 cum
1350 1017 1467 1107 hoste,

415 1148 542 1206 contra
556 1133 785 1206 interdictum
799 1158 904 1207 suurn
916 1149 1022 1233 etque
1032 1136 1233 1233 imperium,
1249 1134 1467 1224 dimicasset;

415 1262 524 1349 prout
549 1248 636 1321 olim
664 1249 834 1322 Manlium
854 1253 1074 1348 Torquatum
1097 1250 1143 1323 de
1160 1251 1307 1350 proprio
1323 1248 1397 1321 lilio
1416 1250 1468 1323 se·

416 1365 518 1453 cisse,
530 1362 628 1463 quod
645 1378 771 1436 contra
782 1388 887 1436 suum
899 1366 1104 1464 imperium,
1118 1364 1199 1437 licet
1214 1365 1371 1457 feliciter,
1387 1389 1470 1436 cum

416 1479 517 1553 hoste
541 1494 750 1579 pugnasset,
778 1494 914 1554 veteres
936 1485 1180 1554 Romanorum
1202 1479 1359 1552 historie
1382 1480 1471 1553 refe·

416 1607 514 1667 runt.

465 1714 545 1781 Non
561 1708 677 1781 multo
696 1722 815 1782 autem
835 1724 935 1807 post,
951 1710 1048 1783 idern
1063 1712 1258 1809 inglorum
1273 1734 1352 1800 rex,
1372 1709 1468 1807 gravi

367 1904 370 1912 ,
416 1827 546 1901 morbo
562 1840 766 1923 correptus,
785 1824 946 1899 debitum
970 1828 1141 1901 universae
1163 1825 1280 1899 earnis
1303 1825 1468 1920 exsolvit,

416 1968 438 2016 a
452 1968 594 2015 summo
610 1941 747 2032 lodice,
763 1942 810 2014 ad
825 1941 1071 2041 recipiendum
1089 1967 1157 2042 pro
1172 1967 1319 2016 suorum
1340 1942 1472 2015 meritis

416 2084 567 2159 opernm
578 2054 808 2157 stipendium,
821 2083 864 2130 ex
877 2058 949 2131 hoc
962 2056 1092 2130 saeeulo
1107 2082 1261 2156 nequam
1274 2060 1467 2131 evocatus¹.

416 2180 541 2247 Fertur
554 2188 674 2247 autem
689 2175 874 2247 inflatione
889 2174 1023 2247 ventris
1042 2188 1078 2245 et
1093 2198 1254 2267 crurum,
1272 2173 1329 2245 vel
1344 2198 1386 2244 er
1404 2172 1473 2270 hy·

416 2288 551 2390 dropisi
564 2290 735 2381 tumidus,
749 2290 931 2364 deiecisse.
941 2293 1057 2378 Quem
1070 2288 1238 2361 morbum
1251 2290 1377 2385 vulgus
1387 2315 1471 2363 eum

415 2405 604 2477 incurrisse
629 2404 787 2496 dicebat,
810 2403 909 2501 quod
935 2404 1056 2476 villam
1081 2416 1116 2475 et
1139 2404 1335 2476 oratorium
1358 2405 1472 2477 sancti

416 2520 546 2611 Fiacri,
573 2544 687 2620 prope
717 2522 893 2593 civitatem
926 2518 1160 2607 Meldensem,
1185 2516 1335 2618 predari
1364 2533 1472 2613 atque
1572 2565 1582 2593 ι

416 2636 561 2737 spoliari
578 2662 643 2735 per
658 2660 742 2709 suos
762 2636 819 2709 vel
834 2635 993 2727 lecisset,
1010 2634 1068 2708 vel
1088 2635 1333 2734 permisisset¹.
1351 2633 1470 2705 Talem

416 2758 512 2831 enim
544 2756 786 2853 egritudinem
820 2756 871 2827 sic
907 2755 1004 2827 loedo
1036 2754 1298 2828 distendentem
1331 2768 1471 2825 tumore

418 2887 577 2946 ventrem
593 2886 629 2945 et
645 2896 768 2963 crura,
786 2872 912 2969 vulgus
929 2870 1097 2943 morbum
1113 2872 1224 2944 suncti
1240 2870 1351 2942 Fiucri
1366 2894 1472 2941 com-

419 2988 573 3061 muniter
597 2986 763 3086 appellat.
790 2987 943 3085 Reliquit
965 3000 1085 3059 nutem
1109 2985 1223 3059 lilium
1248 2984 1472 3084 impuberem

418 3102 577 3198 ejusdem
606 3102 784 3188 nominis,
812 3102 944 3175 scilicet
969 3103 1183 3191 Henricum,
1213 3102 1296 3201 qui,
1326 3116 1471 3174 mortuo

418 3230 534 3315 patre,
551 3216 657 3290 variis
682 3240 724 3289 ac
751 3218 852 3289 miris
874 3217 1024 3289 fortunae
1045 3215 1225 3307 ludibriis,
1245 3241 1343 3289 nunc
1362 3216 1473 3290 subli-

419 3344 545 3424 matus,
560 3352 656 3403 nuno
669 3330 839 3428 dejectus,
854 3332 899 3404 ud
913 3330 1092 3425 ultimum,
1104 3355 1188 3404 eum
1202 3330 1265 3403 diu
1278 3348 1469 3429 regnasset,

419 3444 663 3517 miserabiliter
698 3444 825 3517 obiit:
862 3444 1057 3543 aliqnando
1093 3445 1247 3518 duorum
1277 3469 1472 3543 regnorum

419 3561 654 3633 maximorum
681 3560 792 3633 titulis
818 3560 1013 3635 edomatus
1036 3574 1072 3633 et
1096 3575 1248 3661 utroque
1275 3585 1404 3659 magna
1429 3588 1472 3633 ex

459 3818 488 3875 l.
509 3819 550 3874 1ae
564 3816 598 3873 31
618 3816 687 3873 norit
703 3814 790 3873 lm.

457 3906 487 3963 2.
510 3906 619 3962 Erreur
632 3902 668 3963 de
681 3903 814 3964 l’uuteur.
840 3902 922 3963 Voici
939 3902 967 3962 le
980 3902 1046 3979 init,
1070 3902 1109 3963 tel
1128 3901 1199 3980 qn'il
1216 3914 1259 3963 est
1272 3902 1407 3981 rapporre'
1419 3921 1473 3982 pnr

417 3991 559 4053 Jonvenet
571 3992 622 4053 des
634 3993 748 4067 Ursins,
768 4011 804 4053 en
826 4012 859 4052 ss
871 3992 1032 4072 chronique
1050 3992 1088 4052 de
1104 3992 1221 4053 (llurles
1234 3997 1272 4051 vt
1286 4014 1293 4050 ε
1311 4019 1324 4045 ι
1341 3993 1366 4051 ll
1378 4012 1410 4053 se
1422 3992 1472 4052 ‹ti-

418 4082 473 4140 soit
483 4082 717 4142 communement
733 4083 803 4161 qu’il
817 4083 896 4143 uvoit
907 4083 991 4142 estet
1008 4082 1116 4164 l’eglise
1128 4095 1156 4141 et
1172 4081 1302 4162 chapelle
1314 4081 1352 4141 de
1362 4102 1396 4142 oe
1407 4083 1472 4161 glo-

418 4170 501 4229 riemr
515 4170 606 4241 mint,
622 4172 826 4253 monseigneur
840 4172 915 4232 seint
926 4172 1037 4245 Fincre,
1052 4184 1151 4250 etque
1166 4191 1220 4231 son
1234 4172 1375 4231 intention
1388 4173 1473 4231 estoit

419 4257 456 4317 de
469 4270 646 4338 trnnsporter
659 4258 730 4319 ledit
739 4279 824 4340 corps
837 4260 877 4320 du
888 4260 946 4320 lieu
955 4264 995 4319 orl
1007 4260 1028 4319 il
1042 4260 1126 4319 estoit
1136 4278 1174 4318 en
1186 4279 1225 4319 nn
1239 4272 1331 4319 autre.
1343 4262 1379 4319 Et
1388 4261 1473 4320 estoit

418 4366 569 4409 eommune
581 4350 747 4409 renommee
759 4370 817 4429 que
829 4349 938 4410 e’estoit
950 4370 988 4411 en
1001 4369 1054 4409 son
1069 4370 1140 4429 pnys
1155 4348 1363 4430 d’Angleterre.
1381 4351 1421 4409 Or
1434 4370 1471 4411 en

419 4436 473 4496 tels
491 4458 539 4497 cns
559 4452 698 4513 souvent,
716 4453 806 4519 quent
825 4442 941 4514 lDieu,
964 4441 993 4501 le
1005 4441 1123 4501 volonte'
1138 4453 1180 4499 est
1195 4440 1334 4521 reppute'e
1352 4461 1428 4521 pour
1443 4442 1471 4501 le

419 4524 495 4585 isict.
515 4530 541 4585 A
554 4538 628 4587 cette
642 4546 727 4587 conse
740 4526 880 4587 disoit-on
899 4546 956 4607 que
978 4527 1054 4588 Dieu
1065 4527 1166 4587 l’avoit
1178 4530 1239 4587 oste
1252 4528 1289 4588 de
1307 4548 1341 4590 ee
1353 4530 1470 4602 monde,

417 4612 486 4673 affin
494 4614 566 4692 qn‘il
578 4634 616 4673 ne
627 4614 693 4675 mist
705 4634 737 4675 ss
751 4614 908 4677 muulraise
921 4617 1064 4697 volenteis
1076 4616 1238 4677 execution.
1257 4642 1271 4671 ι
