3892 5892
398 959 402 967 ,
523 885 582 943 aas
805 861 1063 945 msronraaurt
1085 885 1221 952 canon
1241 885 1292 942 vu

525 1007 767 1095 Normauniae,
791 1031 870 1105 quae
889 1007 957 1080 suh
977 1006 1108 1079 ducatu
1132 1031 1197 1079 suo
1215 1007 1435 1104 contigerat,
1456 1006 1637 1104 per-di-

525 1121 686 1211 tionem,
704 1121 750 1195 de
772 1123 986 1220 proditionis
1009 1123 1157 1194 crimine
1179 1119 1497 1218 primum'duoern
1528 1121 1637 1192 Suf-

526 1233 649 1324 t'olciae,
664 1237 765 1333 eujus
782 1262 891 1336 opera
909 1253 1040 1334 treugae
1056 1263 1139 1310 curn
1156 1239 1299 1310 Francis
1314 1238 1410 1309 initae
1428 1237 1631 1322 iuer-ant,

527 1350 679 1443 graviter
695 1348 937 1440 insimulavit,
955 1349 1127 1422 invidiam
1151 1350 1249 1450 apud
1275 1350 1405 1446 tugtiae
1430 1349 1636 1448 populos

527 1463 696 1536 adversus
709 1488 792 1536 eum
808 1463 1026 1535 atrocissime
1039 1465 1214 1551 conflans,
1232 1463 1330 1562 quud
1350 1463 1459 1562 ipsius
1473 1487 1632 1562 oper-a

527 1589 564 1648 et
588 1577 809 1678 proditione,
841 1577 909 1649 suh
932 1593 1107 1676 praetextu
1144 1579 1320 1652 dictarum
1353 1594 1625 1674 treugarum,

528 1693 783 1764 Normauuiam
799 1692 1049 1791 perdidissent.

576 1809 668 1878 Cum
686 1821 805 1879 autern
824 1808 919 1880 idem
935 1803 1112 1882 Sullolciae
1127 1809 1200 1882 dux
1217 1808 1505 1881 adversariorum
1527 1805 1623 1877 fao-

529 1919 644 1992 tiones
658 1921 921 2018 pertimesceret
942 1924 1064 2012 valde,
1083 1939 1120 1997 et
1141 1923 1190 1996 oh
1206 1925 1242 1996 id
1261 1924 1436 2022 praecipue
1454 1921 1617 1993 ducem

528 2032 751 2127 Glocestriae,
775 2038 866 2134 regis
887 2053 1073 2136 patruum,
1095 2053 1255 2137 utsupra
1276 2036 1478 2126 retulimus,
1504 2061 1616 2108 ene·

529 2162 661 2238 cesset,
682 2151 753 2222 suis
772 2153 960 2224 conatibus
982 2153 1213 2234 obsistentem
1236 2153 1524 2246 renitentemque
1549 2175 1613 2222 ne

530 2275 660 2360 treugae
679 2264 831 2364 praelatae
851 2268 1051 2356 inirentur,
1069 2268 1171 2339 saluti
1190 2291 1261 2339 suae
1279 2291 1353 2338 non
1372 2265 1458 2337 alias
1475 2289 1609 2362 quam

529 2407 594 2481 per
619 2383 738 2480 lugam
764 2386 969 2460 consultum
994 2387 1037 2458 iri
1059 2409 1164 2484 posse
1185 2399 1376 2484 reputans,
1409 2385 1605 2480 ingressus

531 2519 658 2569 navem
680 2525 765 2574 curn
787 2502 870 2574 satis
894 2501 1088 2599 opulento,
1107 2499 1207 2596 quod
1221 2523 1340 2572 secum
1358 2497 1449 2571 ferre
1463 2497 1600 2569 decre·

531 2627 642 2702 verat,
660 2615 820 2714 peculio,
839 2641 904 2712 per
920 2617 1032 2688 altuni
1050 2615 1126 2687 vela
1143 2613 1236 2686 lecit.
1256 2612 1323 2684 Sed
1339 2637 1423 2684 curn
1438 2609 1597 2710 quidam

533 2728 696 2824 Anglicus
720 2732 853 2828 pirata,
875 2754 1002 2802 navem
1027 2729 1164 2810 habens
1184 2728 1454 2820 validissimam,
1479 2731 1598 2800 armis

531 2840 684 2937 virisque
707 2843 860 2940 piraticae
875 2844 1022 2914 assuetis
1038 2842 1322 2931 refertissimam,
1338 2841 1410 2914 hoc
1428 2843 1596 2939 agnovis-

531 2968 607 3048 set,
625 2956 714 3026 lucri
725 2956 872 3027 allectus
882 2972 918 3029 et
935 2971 1068 3028 tractus
1084 2958 1265 3056 cupidine,
1280 2957 1446 3031 eumdem
1457 2955 1592 3028 ducem

531 3070 670 3166 insequi
692 3087 928 3169 properanter
945 3073 1093 3146 curavit.
1114 3077 1231 3161 Quem
1249 3099 1333 3148 cunr
1354 3073 1391 3145 in
1415 3073 1504 3144 mari
1520 3073 1591 3143 mi-

532 3183 628 3256 nime
652 3169 829 3260 valentem
851 3189 1013 3261 resistere
1036 3188 1347 3289 apprehendisset,
1367 3174 1588 3262 uttheseuro

532 3299 719 3396 potiretur,
738 3303 868 3394 eidem,
890 3306 988 3377 velut
1005 3306 1217 3405 proditionis
1232 3331 1319 3398 reu,
1338 3318 1446 3404 caput
1459 3329 1588 3402 ampu-

533 3417 641 3508 tavit,
662 3421 764 3492 etsie
779 3422 862 3493 nuri
878 3435 984 3517 atque
1003 3422 1169 3504 thesauro
1187 3423 1342 3495 maximo
1364 3422 1499 3521 potitus
1519 3433 1585 3492 est.

531 3531 651 3604 Talem
669 3534 792 3632 itaque
812 3534 988 3608 Sulloleiae
1009 3535 1083 3610 dux
1107 3537 1142 3607 in
1166 3535 1388 3608 hoosaeculo
1405 3533 1513 3612 finem
1532 3534 1588 3604 in·

535 3650 630 3722 venit
645 3653 667 3742 ¹,
687 3652 788 3748 cujus
811 3651 958 3731 arbitrio
981 3667 1017 3726 et
1030 3677 1090 3728 rex
1108 3654 1240 3752 Angliae
1257 3667 1293 3725 et
1308 3666 1424 3724 toturn
1438 3676 1587 3750 regnunt

534 3764 642 3861 paulo
659 3781 764 3838 antea
781 3767 1008 3861 regebantur.
1122 3839 1127 3854 ,
1237 3837 1241 3844 .

581 3878 650 3950 Sed
679 3893 716 3951 et
744 3879 855 3952 turha
882 3881 1043 3954 maxime
1074 3881 1290 3982 populorum
1311 3881 1358 3954 de
1387 3882 1539 3956 Kancia¹
1553 3893 1589 3952 et

533 3991 665 4066 linibus
686 3993 755 4066 illis
771 3995 945 4068 suscitatas
971 4010 1075 4086 sunt,
1099 3997 1161 4092 qui
1187 4021 1300 4095 usque
1319 3995 1366 4068 ad
1382 3995 1589 4068 suburbana

471 4308 474 4314 Ι
575 4235 603 4294 l.
624 4235 666 4292 1ae
680 4235 698 4290 Ξ
715 4232 772 4292 mai
787 4235 875 4292 tatu.
891 4233 915 4292 Il
929 4234 991 4292 faut
1010 4245 1094 4293 noter
1110 4253 1168 4312 que
1184 4233 1227 4293 les
1249 4231 1403 4293 historiens
1424 4231 1534 4312 anglais
1552 4247 1589 4290 ne

534 4323 707 4382 confirment
720 4342 772 4402 pes
785 4323 813 4381 le
827 4323 891 4381 dire
905 4320 943 4381 de
955 4322 1079 4382 Thomas
1093 4323 1177 4382 Basia
1191 4343 1242 4382 sur
1257 4323 1285 4382 la
1304 4321 1411 4399 qualite
1429 4320 1468 4379 du
1491 4337 1588 4379 menr-

535 4409 604 4469 trier
617 4409 653 4468 de
670 4411 791 4472 Suttott.
806 4412 927 4472 suivant
936 4415 1114 4491 Wyrcester,
1128 4411 1224 4472 c'itait
1235 4429 1277 4471 un
1288 4409 1429 4490 capitaine
1437 4409 1474 4468 de
1486 4409 1512 4468 la
1526 4427 1589 4468 ma·

534 4499 598 4556 rine
610 4498 651 4556 du
665 4499 720 4572 roi,
736 4499 942 4560 commendant
957 4501 986 4560 le
1005 4501 1135 4561 vaisseau
1148 4500 1261 4580 appelle
1278 4503 1394 4557 Nicetes
1407 4501 1444 4556 da
1458 4503 1487 4556 ta
1504 4501 1586 4556 Your.

575 4588 606 4648 Ξ.
628 4589 774 4646 Leoome
784 4587 822 4646 de
835 4591 928 4647 Kent:
1174 4613 1178 4620 ⁴
