3892 5892
1078 671 1091 722 t

790 892 903 954 mun
920 893 1072 957 tantus.
1419 897 1459 955 17

396 1015 507 1105 tium,
532 1013 588 1087 vei
615 1013 701 1088 inde
726 1017 1049 1108 transfretantium,
1076 1016 1195 1092 salvus
1221 1005 1281 1092 vir
1305 1017 1458 1096 eradere

397 1144 555 1228 poterat,
573 1131 662 1230 quin
680 1155 701 1203 a
715 1132 893 1231 predictis
910 1134 1034 1234 piratis
1050 1146 1250 1233 caperetur.
1272 1133 1376 1208 Unde
1392 1159 1459 1237 op-

397 1246 523 1347 pidum
537 1246 626 1323 iliud
643 1248 878 1342 Hareiiotum,
897 1251 997 1350 quod
1016 1267 1069 1326 est
1090 1253 1197 1325 situm
1213 1252 1261 1326 ad
1279 1251 1459 1330 orificium

396 1373 582 1471 Sequauae,
601 1398 717 1473 prope
735 1372 798 1446 ubi
816 1373 914 1448 idem
930 1375 1062 1449 fluvius
1078 1377 1116 1448 in
1131 1399 1230 1448 mare
1244 1376 1375 1471 influit,
1392 1377 1459 1452 hu·

393 1490 595 1588 juscemodi
611 1491 744 1590 rapinis
760 1505 797 1564 et
812 1491 953 1591 spoliis,
973 1507 1052 1566 tum
1070 1491 1267 1594 Anglorum
1287 1495 1454 1590 maxime,

398 1606 602 1678 tumetium
624 1605 777 1679 aliorum
799 1629 1112 1708 quorumcumque
1140 1606 1187 1680 ad
1211 1633 1304 1706 quos
1330 1633 1459 1685 manus

397 1722 539 1795 mittere
554 1720 665 1794 iidem
677 1721 800 1823 piratae
815 1722 1035 1822 potuissent,
1055 1720 1269 1823 opulentum
1282 1725 1388 1800 ualde
1402 1727 1458 1799 ef-

399 1836 532 1912 fectum
554 1852 648 1930 erat,
668 1839 698 1911 si
718 1852 838 1911 tamen
863 1853 961 1912 recte
985 1840 1169 1941 opulentia
1184 1841 1255 1914 dici
1277 1855 1398 1941 potest
1414 1867 1457 1918 ex

400 1953 530 2026 talibus
545 1954 681 2054 rupinis
693 1953 910 2052 conquisitu.

449 2073 531 2144 Haec
550 2093 637 2166 ergo
657 2069 787 2168 injuria
810 2083 928 2142 totum
945 2069 1036 2144 illud
1060 2095 1213 2170 regnum
1234 2087 1271 2146 et
1293 2073 1458 2149 omnium

398 2186 597 2259 incolarum
605 2185 682 2282 ejus
691 2185 831 2259 animos
843 2187 998 2259 maxime
1013 2187 1179 2261 accendit
1194 2201 1302 2287 atque
1317 2188 1460 2289 impulit

398 2317 455 2395 ut,
472 2327 549 2376 sese
564 2301 696 2376 taiibus
711 2300 879 2402 periculis
895 2300 1157 2394 subducentes,
1176 2328 1302 2403 peenas
1317 2329 1387 2404 pro
1404 2319 1459 2378 ta-

397 2417 491 2493 libus
515 2418 665 2494 dumnis-
684 2432 799 2517 atque·
823 2417 963 2518 injuriis
996 2433 1247 2518 reposcerent,
1274 2433 1459 2519 terrasque

349 2621 354 2630 .
398 2536 638 2624 Normanniae,
657 2559 678 2607 a
697 2534 828 2632 quibus
848 2535 899 2607 ita
916 2535 1071 2630 graviter
1086 2535 1357 2636 premebantur,
1376 2563 1459 2612 suns

398 2651 506 2727 ulturi
515 2652 680 2749 injurius,
691 2649 985 2749 aggrederentur.
996 2651 1068 2725 Sed
1079 2667 1116 2724 et
1129 2651 1176 2725 nd
1192 2651 1231 2725 id
1246 2651 1457 2728 audendum

397 2769 505 2843 ctiam
525 2770 664 2844 invitati
682 2794 704 2843 a
721 2766 994 2869 quamplurimis
1015 2783 1235 2865 asseruntur,
1262 2794 1284 2844 a
1309 2770 1458 2870 prefato

397 2889 552 2978 Joanne‚
568 2884 867 2981 Burgundionum
884 2883 995 2978 duce,
1014 2885 1096 2984 qui,
1119 2909 1203 2958 cum
1221 2899 1370 2987 propter
1392 2910 1460 2961 ne·

396 3023 477 3074 cem
491 3000 594 3074 ducis
609 2999 919 3075 Aurelianensium
935 3014 972 3073 et
992 2999 1093 3094 alias,
1111 3025 1200 3099 quas
1217 3025 1328 3101 supra
1343 3002 1460 3076 retuli·

397 3140 491 3209 mus,
510 3139 646 3210 musas,
665 3140 792 3190 omnes
806 3140 908 3216 paene
924 3116 1025 3213 regni
1043 3117 1224 3218 principes
1242 3131 1278 3190 et
1293 3142 1460 3218 proceres

397 3233 443 3306 ad
466 3259 504 3306 se
526 3232 838 3308 exterminandum
864 3231 1063 3305 concitatos
1090 3232 1247 3324 videret,
1275 3256 1343 3305 nec
1361 3233 1460 3306 solus

397 3349 498 3425 facile
517 3365 644 3425 contra
667 3365 803 3425 tentam
824 3347 1024 3449 potentiam
1045 3371 1085 3420 se
1109 3372 1152 3421 ac
1174 3361 1287 3421 terras
1302 3372 1386 3422 suas
1401 3363 1459 3422 tu-

398 3467 464 3538 tari
495 3467 688 3568 potuisset,
716 3465 843 3540 solatia
867 3463 915 3538 ab
939 3461 1094 3560 tngticis
1123 3461 1210 3561 ipsis
1242 3486 1456 3562 exposcens,

397 3581 533 3656 eisdem
549 3583 622 3655 suis
631 3579 800 3682 potiundi
810 3578 997 3654 desideriis
1008 3599 1176 3674 magnam
1191 3574 1361 3652 fiduciam
1372 3603 1461 3652 con·

397 3697 497 3791 tulit3
522 3723 607 3772 cum
623 3700 733 3773 etiam
748 3697 860 3798 ipsius
876 3691 1036 3796 potentia
1054 3709 1090 3768 et
1108 3693 1264 3787 viribus,
1284 3695 1347 3795 qui
1365 3719 1458 3769 unus

397 3838 441 3887 ex
460 3815 570 3888 totius
587 3814 688 3912 regni
709 3810 932 3914 principibus
950 3811 1066 3908 major
1086 3834 1129 3883 ae
1147 3813 1332 3910 potentior
1355 3809 1458 3885 ride·

396 3926 516 4022 batur,
529 3953 657 4004 eorum
670 3928 833 4029 potentia
846 3927 1001 4001 maxime
1016 3941 1207 4024 augeretur
1220 3941 1256 4000 et
1266 3942 1455 4002 cresceret.

446 4043 630 4144 Regnabat
644 4059 732 4118 tunc
751 4045 789 4118 in
808 4043 932 4142 Angiia
951 4043 1127 4116 Henricus
1146 4042 1390 4134 Lancastrioe¹,
1410 4043 1458 4118 ad

397 4185 525 4260 quem,
541 4161 715 4235 exstineto
734 4185 818 4258 rege
837 4157 1011 4248 Ricardo,
1032 4159 1141 4231 totius
1167 4158 1268 4254 regni
1292 4157 1458 4234 modera-

294 4349 304 4362 ,
397 4276 449 4350 tio
466 4303 510 4352 ex
529 4291 678 4377 paterna
697 4276 922 4351 successione
946 4271 1116 4347 devoluta
1140 4286 1227 4347 erut.
1258 4275 1377 4362 Quam
1400 4275 1457 4348 tu·-

437 4542 467 4602 t.
490 4541 581 4602 flenri
593 4542 631 4613 V,
644 4539 689 4602 roi
705 4557 758 4620 per
769 4535 1088 4618 i'urnrpstiouqucson
1100 4533 1171 4616 pire
1183 4531 1262 4595 amit
1274 4537 1458 4597 consummes
1531 4551 1539 4564 ·

398 4628 639 4693 rurltichrrdss.
1281 4724 1301 4781 ἲ

477 4751 491 4791 r
