3892 5892
505 888 544 945 82
799 882 1057 943 utsromtltutt
1076 882 1214 941 cauom
1233 884 1287 939 v11

507 1008 796 1111 expeditionibus
811 1008 948 1080 bellicis
970 1006 1155 1079 obversari
1168 1006 1331 1097 baberet,
1348 1006 1395 1079 ad
1412 1005 1572 1080 illicitam

508 1130 563 1201 sui
579 1127 733 1201 alliceret
753 1124 1105 1223 concupiscentiam,
1126 1123 1155 1194 si
1172 1124 1344 1195 amictum
1360 1122 1573 1195 muliebrem

509 1256 685 1345 portasset
700 1272 709 1333 ;
729 1242 829 1339 quod
846 1242 902 1313 vix
920 1240 1083 1339 profecto
1096 1240 1251 1325 inhiberi
1268 1241 1454 1339 potuisset.

559 1359 629 1433 Sed
645 1372 761 1443 certe,
780 1356 1039 1454 cujuscumque
1056 1355 1094 1427 in
1111 1380 1155 1427 ea
1177 1380 1239 1427 seu
1256 1355 1488 1429 simulacrum
1509 1381 1574 1430 seu

511 1477 693 1575 specimen
717 1472 852 1544 virtutis
867 1470 1007 1545 elucere
1024 1471 1210 1570 potuisset,
1228 1472 1288 1542 uix
1307 1486 1383 1544 erat
1406 1486 1459 1563 ut,
1476 1474 1575 1572 apud

510 1618 603 1691 quos
631 1588 831 1680 tenebatur,
861 1613 900 1659 se
930 1588 1106 1685 potuisset
1128 1585 1344 1691 justificare,
1374 1612 1458 1659 cum
1484 1589 1575 1660 nibil

512 1706 706 1779 ferventius
730 1718 792 1776 aut
816 1703 1031 1802 propensius
1055 1704 1305 1801 quam'ipsam
1325 1702 1507 1801 perditum
1531 1705 1576 1775 iri

512 1837 548 1893 et
577 1820 751 1915 exstingui
772 1832 1001 1891 assectarent.
1032 1822 1112 1891 Una
1140 1819 1237 1890 enirn
1259 1819 1425 1891 omnium
1450 1819 1578 1914 auglo-

512 1960 594 2007 rum
623 1933 799 2007 sententia
822 1956 964 2030 voxque
991 1932 1196 2004 communis
1223 1947 1300 2006 erat
1323 1958 1363 2005 se
1388 1957 1577 2032 nunquam

511 2076 618 2151 posse
644 2074 727 2123 cum
752 2049 895 2122 Francis
923 2047 1071 2121 feliciter
1096 2048 1280 2134 dimicare,
1299 2063 1363 2121 aut
1383 2048 1431 2121 de
1452 2050 1504 2123 eis
1527 2074 1580 2123 re·

512 2180 656 2267 portare
682 2165 882 2258 victoriam,
905 2163 1081 2263 quamdiu
1101 2162 1163 2236 illa
1185 2164 1319 2255 Puella,
1340 2189 1451 2263 quam
1473 2166 1578 2238 sorti·

511 2286 627 2381 legam
645 2307 687 2355 ac
711 2280 911 2353 maleficam
923 2279 1176 2369 diffamabant,
1194 2282 1304 2351 vitam
1319 2296 1438 2376 ageret
1454 2282 1493 2352 in
1511 2280 1578 2354 hu·

512 2399 640 2471 manis.
676 2398 782 2494 Atqui
809 2395 998 2494 quomodo
1024 2395 1232 2467 innocentia
1259 2420 1384 2467 secura
1409 2394 1576 2486 evadere,

513 2514 647 2613 quidve
672 2512 856 2613 prodesse,
882 2512 976 2583 iuter
1000 2525 1054 2582 tot
1071 2509 1384 2582 acerbissimorum
1415 2511 1580 2585 inimico·

513 2654 595 2703 rum
612 2643 648 2701 et
669 2627 972 2700 calumniatorum
991 2649 1131 2717 manus,
1153 2640 1288 2725 posset,
1313 2625 1436 2723 quales
1461 2626 1580 2705 eidem

516 2743 644 2817 Puellae
672 2744 741 2840 ipsi
767 2741 903 2838 anglici
933 2753 1053 2831 erant,
1081 2754 1189 2836 atque
1217 2740 1277 2813 alii
1301 2741 1490 2841 permulti,
1518 2745 1581 2841 qui

513 2860 710 2933 animosius
735 2882 862 2929 eorum
886 2870 1006 2955 partes
1027 2854 1271 2930 defendebant
1287 2874 1324 2931 et
1342 2860 1481 2956 judicio
1498 2863 1582 2933 assi·

515 2974 662 3065 debant,
681 2974 744 3069 qui
761 2997 841 3043 eam
860 2986 937 3044 toto
954 2971 1104 3065 annisu,
1124 2960 1353 3073 quacumque
1374 2977 1444 3069 via,
1464 2977 1583 3077 perdi·

515 3107 592 3165 tum
608 3094 652 3165 iri
668 3089 883 3191 cupiebant?

564 3216 686 3299 Quum
703 3225 824 3283 autern
841 3234 950 3309 super·
967 3211 1027 3301 iis,
1048 3234 1139 3309 quas
1155 3210 1357 3286 affirmabat
1370 3216 1582 3287 Sanctarum
1670 3288 1680 3317 ο

504 3330 704 3427 'virginum
720 3329 962 3427 apparitiones
979 3328 1110 3417 factas,
1130 3330 1168 3401 in
1191 3354 1264 3405 una
1278 3331 1478 3430 eademque
1494 3357 1582 3405 con·

519 3446 670 3519 fassione
691 3461 963 3545 perseveranter
988 3462 1166 3540 maneret,
1186 3448 1322 3546 diuque
1339 3464 1375 3531 et
1402 3450 1584 3523 multoties

518 3563 650 3634 iteratis
664 3562 988 3635 examinationibus
1004 3561 1164 3659 fatigata,
1176 3563 1284 3637 simul
1297 3565 1403 3637 etiam
1418 3567 1584 3664 squalore

517 3694 553 3753 et
568 3678 688 3753 inedia
705 3678 835 3751 diutini
852 3679 1005 3752 carceris
1021 3696 1198 3753 macerata
1219 3695 1255 3753 et
1273 3683 1437 3755 confecta
1464 3684 1585 3757 fuisset

519 3797 571 3895 (in
589 3818 663 3893 quo
676 3791 824 3889 quidem
836 3791 883 3864 ab
893 3793 1047 3888 Anglicis
1062 3794 1252 3888 militibus,
1266 3811 1341 3869 tarn
1357 3797 1453 3869 lutus
1467 3822 1586 3870 carce·

519 3938 615 4005 rem,
634 3934 744 4010 quam
761 3908 882 3981 aforis
894 3910 996 4005 juxta
1010 3913 1142 3983 ostium
1155 3912 1286 4009 jugiter
1307 3912 1583 4007 excubantibus,

521 4024 813 4121 asservabatur),
839 4024 978 4115 ferunt,
999 4025 1184 4121 judicibus
1205 4026 1293 4120 sibi,
1314 4030 1344 4101 si
1368 4028 1407 4101 id
1431 4030 1585 4122 faceret,

519 4145 768 4244 impunitatem
780 4140 1377 4242 liberationemquepollicentibus,
1390 4144 1587 4244 aliquando

521 4284 601 4333 eam
619 4258 812 4353 abnegasse
828 4279 867 4329 se
888 4254 1056 4327 babuisse
1078 4280 1180 4328 veras
1206 4256 1415 4355 hujusmodi
1444 4260 1587 4359 appari·

521 4378 638 4449 tiones
649 4391 711 4449 aut
721 4375 860 4447 divinas
869 4373 1121 4465 revelationes,
1136 4371 1182 4445 ad
1190 4372 1260 4447 boc
1272 4389 1393 4448 tamen
1400 4376 1588 4450 inductam

522 4505 581 4585 ut,
601 4515 725 4565 coram
741 4486 979 4565 assidentibus
994 4490 1032 4562 in
1046 4489 1205 4587 judicio,
1224 4516 1266 4563 ea
1283 4491 1430 4565 tdterius
1446 4517 1485 4567 se
1503 4492 1589 4565 dic-

524 4622 643 4683 turam
667 4624 929 4683 asserturamve
945 4606 1138 4704 abjuraret.
1160 4609 1269 4695 Quod
1286 4634 1372 4681 cum
1386 4612 1434 4685 ita
1452 4608 1588 4683 factum
