3892 5892
561 889 620 946 reo
846 890 1101 966 msromauuu
1120 889 1257 948 meon
1276 891 1328 948 vu

561 1013 675 1084 (atari
694 1012 925 1109 provinciales
944 1015 980 1084 in
993 1038 1113 1111 regno
1130 1017 1347 1085 Francorum
1371 1012 1615 1102 sustinebant3

562 1130 596 1200 in
613 1155 688 1226 quo
701 1129 910 1228 spoliatores
927 1130 1024 1224 regni
1041 1130 1159 1228 palam
1173 1129 1365 1228 praedicant
1375 1129 1433 1224 jus
1446 1129 1540 1200 istud
1558 1155 1617 1200 re·

560 1247 694 1341 gemin
712 1261 860 1318 cunctos
878 1243 1074 1342 regnicolas
1090 1245 1332 1344 acquisivisse,
1344 1243 1444 1341 quod
1456 1268 1522 1341 pro
1534 1243 1616 1316 solo

560 1374 648 1432 uutu
665 1385 731 1432 suo
743 1375 800 1449 et,
820 1360 960 1456 quoties
976 1358 1079 1448 velit,
1099 1359 1283 1432 talliabiles
1300 1359 1492 1432 exsistunt:
1504 1358 1615 1456 Ι(μιοά

558 1475 595 1545 in
613 1475 739 1546 ellectu
757 1475 844 1546 nihil
862 1488 914 1546 est
936 1473 1033 1545 aliud
1055 1473 1196 1564 dicere,
1218 1474 1286 1546 nisi
1305 1473 1405 1571 quod
1423 1471 1539 1544 nullus
1563 1473 1616 1544 ibi

555 1589 753 1688 quidquam
768 1588 897 1689 habet,
918 1587 1017 1685 quod
1036 1613 1140 1660 suum
1156 1588 1276 1660 dicere
1292 1602 1426 1686 posset,
1444 1612 1528 1660 cum
1544 1614 1615 1684 pro

555 1704 634 1776 solo
660 1705 828 1809 principis
850 1702 998 1776 arbitrio
1021 1703 1162 1800 quoties
1180 1701 1266 1773 libet
1284 1702 1329 1774 ab
1355 1727 1399 1774 eo
1417 1702 1511 1798 juste
1533 1701 1614 1774 tolli

555 1835 675 1918 posset
696 1847 704 1889 ε
725 1844 806 1916 quae
824 1818 969 1917 proprie
986 1832 1038 1888 est
1052 1841 1238 1889 servorum
1256 1815 1436 1906 conditio,
1455 1815 1611 1914 quibus,

555 1935 620 2005 etsi
650 1934 788 2006 domini
811 1934 1018 2032 permittant
1044 1931 1177 2004 habere
1204 1931 1359 2030 peculia,
1389 1931 1465 2028 ipsa
1490 1947 1612 2004 tamen

552 2049 643 2120 sicut
667 2073 794 2122 eorum
814 2048 1177 2146 corporaadominis
1203 2071 1406 2135 servorum,
1437 2073 1504 2144 pro
1530 2049 1611 2118 solo

553 2162 720 2250 arbitrio,
740 2177 911 2260 tanquam
929 2162 1074 2260 propria
1091 2162 1203 2258 accipi
1221 2167 1397 2258 possunt¹.

602 2279 706 2350 Unde
725 2280 792 2377 ipsi
818 2282 996 2350 Vascones
1020 2291 1055 2347 et
1077 2276 1200 2374 populi
1228 2277 1409 2372 potissime
1432 2279 1612 2376 Burdega·

550 2394 666 2468 lenses
679 2393 782 2467 valde
794 2391 1022 2480 conturbati,
1038 2389 1237 2463 laventibus
1250 2389 1412 2488 pluribus
1426 2392 1612 2467 nobilibus

550 2511 694 2607 patriae,
722 2510 767 2582 de
793 2506 953 2580 remedio
980 2506 1113 2598 etiam,
1140 2529 1283 2602 quaque
1310 2506 1363 2578 via
1388 2507 1424 2577 in
1452 2507 1610 2605 priscam

478 2663 483 2676 .
550 2624 750 2704 libertatem
775 2649 813 2696 se
829 2621 1009 2694 vindicare
1031 2634 1193 2719 possent,
1212 2619 1304 2692 olam
1321 2621 1476 2719 cogitare
1499 2639 1610 2722 atque

426 2737 437 2756 ⁸
550 2754 700 2812 tractare
716 2751 914 2836 coeperunt.
934 2741 1076 2808 Etcum
1093 2734 1211 2806 adbuc
1228 2736 1279 2807 eis
1296 2760 1419 2808 recens
1433 2752 1523 2810 esset
1538 2765 1609 2812 no-

548 2855 626 2942 titia
640 2869 744 2949 atque
760 2850 915 2922 amicitia
933 2874 1017 2920 cum
1034 2847 1165 2944 Angliae
1180 2831 1421 2948 principibus,
1441 2851 1508 2923 snb
1524 2855 1608 2952 qui·

547 2965 616 3038 bns
638 2968 674 3037 in
695 2966 857 3038 libertate
876 2985 1003 3057 magna
1029 2960 1138 3056 longo
1161 2986 1236 3032 aevo
1259 2983 1546 3061 permanserant,
1568 2968 1605 3040 iu

511 3119 516 3130 ·
549 3081 708 3177 Angliam
727 3082 865 3178 aliquos
881 3104 925 3150 ex
940 3077 1013 3148 suis
1025 3079 1309 3170 transmiserunt,
1329 3081 1554 3176 nuntiaturos
1569 3099 1605 3156 et

547 3196 657 3269 fidem
680 3222 747 3295 pro
769 3196 854 3294 ipsis
878 3194 1110 3293 praestituros,
1141 3193 1259 3288 quod,
1284 3195 1314 3266 si
1338 3195 1549 3270 cumulasse
1569 3212 1606 3270 et

548 3312 665 3386 valida
693 3310 845 3384 militum
872 3331 982 3381 manu
1015 3305 1136 3380 littora
1161 3332 1223 3380 sua
1267 3324 1427 3407 repetere
1450 3312 1602 3400 vellent,

545 3453 609 3500 eos
632 3429 725 3500 intra
746 3427 859 3500 urbes
875 3441 910 3498 et
931 3424 1065 3522 oppida
1092 3425 1235 3522 patriae,
1264 3449 1343 3522 quae
1365 3427 1402 3498 in
1429 3443 1605 3526 potestate

545 3545 738 3634 haberent,
756 3543 903 3617 eosdem
919 3541 1119 3638 reciperent
1133 3555 1239 3638 atque
1256 3541 1545 3616 intromitterent.

594 3659 698 3756 Angli
714 3673 835 3733 autem
862 3684 905 3729 ex
927 3654 1135 3752 hujusmodi
1163 3658 1292 3730 nuntio
1317 3657 1388 3732 laeti
1412 3674 1447 3731 et
1469 3661 1604 3736 alacres

545 3767 661 3876 effecti
676 3775 788 3873 (illam
803 3774 900 3846 enim
911 3772 1063 3871 patriam
1077 3785 1224 3869 propter
1232 3796 1372 3864 causas,
1387 3799 1478 3871 quas
1493 3801 1602 3876 supra

543 3893 744 3991 tetigimus,
761 3892 907 3964 charam
925 3888 1119 3987 plurimum
1135 3887 1350 3988 habebant),
1365 3889 1517 3965 libenter
1535 3919 1601 3966 vo-

542 4011 588 4081 tis
604 4033 745 4100 eorum,
762 4008 836 4078 imo
852 4020 888 4078 et
903 4029 977 4076 non
994 4003 1113 4076 minus
1124 4004 1209 4096 suis,
1228 4005 1494 4102 acquieverunt,
1514 4023 1550 4081 et
1562 4035 1602 4082 se

541 4109 641 4222 quod
654 4120 903 4196 desiderabant
916 4119 1016 4192 brevi
1032 4117 1185 4190 tacturos
1203 4119 1488 4218 spoponderunt.
1506 4127 1602 4196 Tan-

540 4260 583 4318 tae
597 4247 717 4343 itaque
732 4243 924 4342 propositae
939 4240 1007 4314 sibi
1025 4237 1165 4314 utilitati
1179 4239 1362 4338 vigilanter
1378 4242 1600 4318 incumben-

477 4572 481 4579 ἱ
576 4507 605 4562 1.
629 4508 670 4562 la
689 4503 852 4562 traductlou
873 4501 947 4562 libre
966 4501 1007 4560 du
1024 4499 1154 4580 chapitre
1172 4512 1214 4558 ιν·
1233 4521 1270 4561 en
1286 4505 1377 4567 entim
1395 4517 1424 4564 et
1438 4507 1478 4566 du
1491 4519 1522 4564 v·
1531 4507 1596 4582 jus.

533 4590 637 4671 qu'ici,
650 4603 694 4650 est
704 4590 776 4650 dam
789 4592 831 4652 les
842 4595 956 4652 Nottcer
968 4591 1138 4648 cesenates
1146 4590 1196 4646 des
1207 4593 1384 4666 Μυονία,
1399 4605 1419 4652 t.
1434 4597 1460 4668 1,
1474 4615 1504 4674 p.
1520 4599 1592 4657 632.
