3892 5892
524 886 562 945 36
806 882 1061 942 ntsrontanuu
1081 878 1219 939 canon
1237 880 1290 936 vn

575 1008 716 1107 Accepit
740 1007 847 1079 etiam
872 1006 968 1079 idem
995 1006 1168 1079 Henricus
1192 1028 1275 1076 cum
1299 1000 1360 1074 illo
1384 1001 1516 1073 loedere
1541 1002 1578 1072 in

525 1123 715 1220 conjugem
730 1121 915 1194 dominam
927 1120 1166 1209 Catharinam,
1187 1117 1345 1215 ejusdem
1361 1121 1580 1189 Francorum

527 1239 619 1335 regis
642 1237 764 1327 liliam,
786 1236 903 1309 Caroli
922 1240 984 1307 Vll
1008 1250 1094 1308 tunc
1115 1234 1276 1334 delphini
1299 1256 1484 1322 sororem,
1511 1230 1582 1303 lue·

526 1368 680 1452 euntque
703 1353 836 1451 nuptiae
861 1377 943 1424 cnm
971 1376 1103 1447 magno
1124 1365 1295 1451 apparatu
1318 1363 1353 1421 et
1378 1348 1476 1443 regio
1495 1346 1580 1421 luxu

527 1471 710 1546 celebratae
726 1473 763 1543 in
777 1472 916 1544 civitate
928 1472 1093 1544 Trecensi
1107 1470 1326 1568 Campaniae.

578 1591 649 1659 Pax
675 1587 781 1659 etiam
799 1585 978 1683 praedicta,
1002 1600 1074 1657 eta
1096 1583 1306 1676 civitatibus,
1334 1596 1370 1654 et
1394 1582 1581 1680 asingulis

529 1704 592 1801 qui
608 1700 677 1774 sub
696 1701 833 1773 ditione
852 1705 1073 1793 Francorum
1088 1700 1180 1796 regis
1195 1699 1253 1771 vel
1274 1699 1381 1771 etiam
1401 1699 1493 1794 regis
1513 1704 1582 1771 An.

531 1817 606 1915 gliae
625 1815 877 1903 consistebant,
900 1814 1032 1914 ubique
1045 1816 1163 1911 jurate
1186 1814 1262 1886 fuit.
1281 1818 1326 1886 Et
1342 1813 1516 1911 quamdiu
1531 1813 1581 1885 ci·

530 1932 619 2005 vitas
645 1931 847 2003 Parisiensis
873 1933 1004 2003 mansit
1036 1930 1103 2003 sub
1132 1929 1336 2003 obedientia
1362 1931 1578 2027 lnglorum,

532 2072 657 2119 omnes
666 2046 876 2136 scholastici,
887 2047 917 2117 si
925 2046 970 2118 ad
982 2046 1132 2143 gradum
1143 2046 1296 2142 aliquem
1307 2045 1343 2117 in
1355 2069 1582 2145 quacumque

530 2162 694 2236 facultate
712 2161 1031 2260 promovebantur,
1057 2163 1149 2235 inter
1170 2161 1257 2254 elia,
1284 2165 1321 2233 in
1339 2185 1450 2233 manu
1466 2176 1582 2234 recto·

528 2302 608 2349 rum
636 2278 891 2371 Universitatis‚
918 2276 1124 2373 hujusmodi
1149 2301 1275 2376 pacem
1300 2302 1338 2348 se
1366 2292 1580 2367 servaturos,

528 2408 750 2467 sacramento
774 2393 915 2465 firmare
935 2392 1198 2489 adigebantur¹.
1220 2392 1290 2465 Sed
1309 2392 1354 2465 de
1375 2392 1583 2491 hujusmodi

527 2532 614 2608 pace
635 2523 670 2581 et
694 2509 770 2605 ejus
795 2507 972 2607 capitulis,
998 2533 1061 2581 seu
1086 2508 1139 2579 de·
1156 2506 1440 2580 exhaederatione
1466 2508 1583 2581 Caroli

529 2624 702 2724 delphini,
717 2624 814 2695 unici
829 2637 915 2693 tunc
929 2620 992 2693 tilii
1001 2623 1111 2721 patris
1123 2623 1190 2713 sui,
1207 2648 1274 2695 nec
1287 2624 1363 2722 ipse
1376 2622 1580 2721 delphinus,

530 2762 597 2811 nec
613 2739 681 2828 sui,
700 2737 831 2835 quibus
844 2736 950 2831 longe
968 2737 1082 2832 major
1099 2761 1181 2835 pars
1196 2738 1296 2834 regni
1308 2737 1466 2835 parebat,
1483 2739 1584 2837 quid·

530 2877 639 2952 quam
655 2864 846 2940 curarunt,
860 2850 1019 2923 dicentes
1034 2876 1056 2925 a
1070 2876 1151 2948 rege
1163 2868 1263 2952 petre
1278 2879 1359 2945 suo,
1377 2880 1451 2927 non
1469 2856 1506 2928 in
1520 2879 1583 2928 sua

529 2966 703 3055 libertate,
722 2965 783 3037 sed
797 2964 864 3037 sub
883 2965 1077 3062 inglorum
1093 2981 1130 3040 et
1150 2970 1447 3063 Burgundionum
1463 2984 1583 3069 potes·

530 3095 601 3154 tate
616 3080 824 3171 constituto,
843 3104 910 3153 nee
927 3095 1013 3155 tune
1029 3106 1117 3157 sana
1131 3098 1249 3156 mente
1268 3084 1476 3178 exsistente,
1494 3085 1583 3158 nihil

531 3194 599 3269 tale
611 3195 766 3269 validum
785 3210 847 3269 aut
861 3196 1059 3293 legitimum
1082 3197 1158 3271 lieri
1178 3200 1346 3297 potuisse.
1371 3202 1480 3289 Quod
1496 3204 1584 3274 veri·

530 3309 691 3383 similiter
702 3336 886 3408 nunquam
900 3312 1057 3385 lecturus
1070 3314 1204 3404 suisset,
1217 3316 1248 3387 si
1264 3340 1351 3389 sana
1364 3331 1483 3389 mente
1496 3331 1532 3389 et
1544 3318 1580 3389 in

531 3450 596 3499 sua
609 3426 714 3525 plena
730 3426 890 3501 libertate
908 3430 1105 3501 mansisset.

582 3546 624 3614 Et
645 3543 721 3641 ipsa
736 3557 856 3615 autem
873 3544 926 3616 sie
941 3543 1082 3617 firmata
1098 3569 1199 3642 pace,
1217 3559 1253 3617 et
1272 3546 1394 3618 civitas
1406 3547 1583 3619 Parisien·

532 3658 600 3749 sis,
639 3671 673 3727 et
706 3657 863 3729 civitates
893 3659 1095 3756 Campaniae
1122 3673 1229 3757 atque
1258 3661 1333 3733 eliae
1360 3686 1441 3759 quae
1466 3677 1584 3761 partes

534 3771 841 3869 Burgundionum,
854 3772 1345 3874 ferventibuselvilibusregni
1358 3776 1584 3850 dissensioni·

532 3885 613 3977 bus,
624 3901 752 3959 secutae
767 3900 881 3980 erant,
893 3888 985 3961 sicut
997 3889 1224 3985 ambianum,
1239 3892 1440 3986 Belvaeum,
1452 3893 1583 3965 Novio·

535 4030 647 4095 mum,
682 4004 934 4095 Silvanectum,
969 4008 1183 4098 Carnotum,
1209 4010 1381 4098 Senones,
1412 4010 1584 4081 Autissio-

533 4120 685 4211 dorum,
711 4120 902 4192 Matiscone
927 4135 963 4192 et
988 4118 1100 4191 multa
1122 4119 1190 4193 alia
1212 4124 1345 4221 oppida
1369 4138 1406 4196 et
1425 4123 1582 4212 castella,

533 4248 703 4334 tanquam
717 4235 845 4319 Carolo
856 4238 929 4332 regi
946 4260 1012 4309 suo
1023 4235 1161 4309 devotae
1175 4260 1218 4309 ac
1236 4237 1370 4327 fideles,
1388 4239 1584 4335 Anglorum

573 4498 602 4554 l.
618 4497 869 4578 L’auteursignale
878 4498 915 4557 ici
926 4518 983 4557 une
997 4497 1138 4557 lormalite
1155 4500 1171 4555 i
1185 4497 1309 4577 laquelle
1321 4500 1341 4559 il
1356 4502 1398 4559 lut
1411 4499 1582 4560 soumislui·

532 4584 645 4657 meme,
660 4585 794 4662 purequ’il
809 4586 871 4645 rint
885 4585 1027 4646 erudiere
1041 4587 1121 4646 Paris
1135 4606 1172 4647 eu
1187 4591 1275 4647 ttae.
