3892 5892
763 702 875 759 unsa
898 700 1067 773 eumuna.

709 957 965 1057 CAPlTULUM
989 958 1110 1025 XVlll.

405 1143 487 1213 Quod
499 1131 614 1215 'deiectio
626 1141 732 1199 Henrici
743 1155 768 1194 ct
778 1141 915 1215 provectio
929 1138 1064 1211 Edoardi,
1076 1154 1201 1211 quantum
1214 1156 1286 1215 grata
1300 1142 1349 1197 suit
1365 1142 1429 1195 duci

511 1231 681 1305 Burgundioe,
690 1246 794 1286 tantum
808 1232 917 1297 carolo,
930 1231 986 1303 regi
1000 1233 1174 1303 Francorum,
1190 1232 1321 1287 luctuosa.

437 1405 533 1492 Quin
549 1417 667 1475 autem
684 1402 881 1501 plurimum
897 1401 1016 1497 gaudii
1032 1400 1226 1499 letitiaequo
1242 1415 1277 1475 et
1292 1402 1444 1499 gratula-

388 1520 495 1591 tionis
517 1542 559 1591 ea
588 1518 732 1590 Henrici
760 1516 910 1613 dejectio
938 1517 1023 1588 duci
1049 1516 1365 1614 Burgundionum,
1386 1520 1443 1591 cui

388 1634 492 1707 valde
507 1633 620 1707 famta
632 1634 779 1727 contigit
791 1688 802 1722 ‚
814 1631 940 1705 allerre
956 1634 1116 1730 potuerit
1125 1632 1213 1731 (qui
1226 1656 1352 1707 eorum
1365 1658 1443 1729 quae

387 1746 835 1845 comraseapparabantur
845 1750 987 1841 ignarus
998 1749 1144 1820 minime
1157 1746 1372 1844 exsistebat),
1384 1774 1445 1821 ne·

388 1866 476 1936 mini
493 1864 653 1962 prolecto
669 1862 876 1959 ambiguum
893 1887 969 1935 esse
991 1862 1119 1953 debet,
1138 1864 1202 1935 sed
1224 1889 1301 1937 non
1325 1866 1443 1941 miuus

387 1978 502 2051 luctus
527 1994 635 2076 atque
665 1980 837 2051 moestitiae
858 1978 1007 2067 Carolo,
1037 1983 1254 2052 Francorum
1280 1982 1372 2077 regi,
1402 2007 1443 2053 ea

386 2095 550 2184 Homini,
570 2095 711 2192 nepotis
728 2094 811 2185 sui,
836 2108 873 2165 ct
888 2093 1050 2191 conjugis
1071 2118 1158 2183 suae,
1181 2095 1301 2191 neptis
1319 2095 1442 2169 itidem

385 2236 470 2303 mm,
479 2210 659 2283 calamitas
667 2233 709 2281 ac
720 2208 873 2304 dejectio
884 2208 1105 2305 ingerebant.
1118 2210 1184 2281 Cui
1196 2211 1303 2281 etiam
1312 2211 1441 2283 Carolo

385 2327 460 2423 regi
487 2324 668 2397 adversus·
684 2324 855 2397 eumdem
878 2322 1009 2397 ducem
1041 2323 1338 2420 Burgundionum
1366 2350 1442 2397 am·

384 2441 476 2539 plius
492 2465 537 2512 cx
553 2440 625 2512 hoc
640 2439 886 2513 inardescebat
903 2437 1049 2533 odium,
1067 2440 1166 2537 quod
1182 2440 1294 2538 ipsius
1309 2441 1442 2514 auxilio

384 2570 421 2629 et
435 2557 556 2627 farore
571 2569 709 2627 erectus
724 2569 816 2627 esset
838 2553 1045 2645 Edoardus,
1064 2554 1259 2653 pulsusque
1276 2580 1386 2652 regno
1406 2572 1442 2629 et

384 2672 542 2768 dejectus
559 2671 754 2761 Henricus,
772 2694 887 2769 nepos
903 2694 1009 2759 suus;
1027 2686 1063 2743 et
1078 2670 1178 2767 quod
1195 2670 1437 2769 Delphinum,

382 2786 460 2882 ejus
475 2784 608 2873 filium,
626 2798 751 2859 contra
767 2810 872 2859 suum
888 2784 1059 2882 placitum
1075 2786 1286 2883 suscepisset
1301 2799 1337 2857 et
1353 2810 1441 2857 con·

382 2901 529 2975 foveret.
549 2901 634 2995 Ejus
650 2924 799 2996 nempe,
818 2912 858 2974 nt
877 2899 953 2995 jam
968 2898 1146 2988 diximus,
1162 2901 1261 2999 pium
1280 2902 1441 2979 animum

382 3036 466 3109 erga
488 3039 527 3091 ae
542 3015 726 3108 cognitum
748 3014 822 3107 jam
846 3013 933 3083 olim
950 3029 1247 3111 compertumque
1269 3015 1437 3091 habebat.

383 3129 488 3203 Unde
502 3128 597 3203 idem
624 3128 773 3204 Carolus
789 3152 873 3216 ren,
900 3128 1046 3223 cognito
1063 3129 1162 3225 quod
1181 3130 1277 3204 idem
1295 3108 1387 3207 filius
1403 3135 1439 3203 in

382 3244 494 3319 domo
511 3243 724 3340 Burgundiae
747 3268 831 3316 cum
847 3258 948 3317 tanto
964 3244 1104 3317 honore
1120 3260 1289 3343 exceptus
1308 3261 1343 3319 et
1367 3262 1440 3320 tam

382 3360 570 3460 magnifice
583 3362 783 3435 honoratus
799 3361 915 3451 foret,
936 3361 975 3435 in
993 3360 1151 3439 finitimis
1169 3376 1343 3439 terrarum
1361 3388 1440 3440 sua·

381 3503 463 3550 rum
479 3475 681 3550 civitatibus
696 3488 732 3546 ct
747 3476 909 3573 oppidis,
928 3476 1062 3574 ubique
1074 3476 1175 3572 justa
1191 3476 1281 3550 lines
1297 3493 1328 3551 et
1347 3479 1439 3551 limi-

382 3610 434 3667 tes
450 3608 626 3667 terrarum
645 3591 858 3687 Burgundiae
882 3591 1005 3683 ducis,
1024 3593 1245 3667 munitiones
1266 3593 1437 3670 rnilitum·

381 3736 453 3807 que
478 3734 627 3783 suorum
653 3706 817 3806 presidia
842 3706 1051 3799 collocavit,
1081 3710 1274 3784 ostendens
1297 3712 1440 3807 qualem

381 3829 427 3899 de
443 3826 613 3925 praedicto
629 3822 702 3895 filio
718 3848 784 3897 suo
802 3836 910 3921 atque
924 3824 1239 3919 Burgundionibus
1254 3825 1438 3901 conliden-

381 3945 466 4013 tiam
483 3956 632 4039 gereret.

428 4058 499 4129 Sed
520 4082 540 4129 e
562 4057 703 4130 diverso
722 4056 800 4154 ipse
814 4055 1110 4150 Burgundionum
1131 4056 1203 4129 dttx
1230 4059 1435 4158 Philippus,

380 4178 434 4245 vir
450 4174 609 4272 prudens
630 4188 666 4247 et
690 4172 961 4269 magnanimus,
980 4172 1063 4245 licet
1090 4174 1265 4267 amultis,
1287 4189 1326 4246 ut
1342 4175 1439 4249 idem

381 4290 510 4362 laceret
525 4290 563 4361 in
578 4292 652 4361 suis
668 4288 871 4363 civitatibus
887 4303 924 4359 et
939 4290 1095 4388 oppidis,
1109 4290 1254 4366 daretur
1269 4291 1335 4364 sihi
1350 4318 1437 4367 corr·

380 4408 518 4495 silium,
544 4406 582 4479 id
609 4406 724 4477 lacere
747 4404 895 4477 minime
920 4407 1080 4497 curauit,
1110 4408 1288 4504 sapienter
1315 4410 1440 4507 utique
