<?xml version="1.0" encoding="UTF-8"?>
<!DOCTYPE html PUBLIC "-//W3C//DTD XHTML 1.0 Transitional//EN"
    "http://www.w3.org/TR/xhtml1/DTD/xhtml1-transitional.dtd">
<html xmlns="http://www.w3.org/1999/xhtml" xml:lang="en" lang="en">
 <head>
  <title>
</title>
<meta http-equiv="Content-Type" content="text/html;charset=utf-8" />
  <meta name='ocr-system' content='tesseract 3.04.00' />
  <meta name='ocr-capabilities' content='ocr_page ocr_carea ocr_par ocr_line ocrx_word'/>
</head>
<body>
  <div class='ocr_page' id='page_1' title='image "./histoiredesrgne01amelgoog_0246.png"; bbox 0 0 3892 5892; ppageno 0'>
   <div class='ocr_carea' id='block_1_1' title="bbox 518 894 1289 959">
    <p class='ocr_par' dir='ltr' id='par_1_1' title="bbox 518 894 1289 959">
     <span class='ocr_line' id='line_1_1' title="bbox 518 894 1289 959; baseline -0.012 0"><span class='ocrx_word' id='word_1_1' title='bbox 518 902 556 959; x_wconf 81' lang='lat' dir='ltr'><strong>m</strong></span> <span class='ocrx_word' id='word_1_2' title='bbox 802 896 1059 958; x_wconf 75' lang='lat' dir='ltr'>HISTORJARUM</span> <span class='ocrx_word' id='word_1_3' title='bbox 1077 894 1214 952; x_wconf 76' lang='lat' dir='ltr'><strong>canon</strong></span> <span class='ocrx_word' id='word_1_4' title='bbox 1234 895 1289 950; x_wconf 85' lang='lat' dir='ltr'><strong>vn</strong></span> 
     </span>
    </p>
   </div>
   <div class='ocr_carea' id='block_1_2' title="bbox 437 1016 1579 3320">
    <p class='ocr_par' dir='ltr' id='par_1_2' title="bbox 437 1016 1579 3320">
     <span class='ocr_line' id='line_1_2' title="bbox 516 1016 1573 1122; baseline -0.008 -25"><span class='ocrx_word' id='word_1_5' title='bbox 516 1024 666 1113; x_wconf 88' lang='lat' dir='ltr'><strong>Scalis¹,</strong></span> <span class='ocrx_word' id='word_1_6' title='bbox 696 1048 778 1096; x_wconf 86' lang='lat' dir='ltr'><strong>cum</strong></span> <span class='ocrx_word' id='word_1_7' title='bbox 802 1020 960 1122; x_wconf 90' lang='lat' dir='ltr'><strong>pluribus</strong></span> <span class='ocrx_word' id='word_1_8' title='bbox 979 1020 1056 1092; x_wconf 88' lang='lat' dir='ltr'><strong>aliis</strong></span> <span class='ocrx_word' id='word_1_9' title='bbox 1081 1018 1273 1092; x_wconf 85' lang='lat' dir='ltr'><strong>comitibus</strong></span> <span class='ocrx_word' id='word_1_10' title='bbox 1301 1031 1338 1089; x_wconf 86' lang='lat' dir='ltr'><strong>et</strong></span> <span class='ocrx_word' id='word_1_11' title='bbox 1362 1016 1573 1116; x_wconf 83' lang='lat' dir='ltr'><strong>proceribus</strong></span> 
     </span>
     <span class='ocr_line' id='line_1_3' title="bbox 516 1130 1575 1237; baseline -0.006 -26"><span class='ocrx_word' id='word_1_12' title='bbox 516 1141 615 1237; x_wconf 82' lang='lat' dir='ltr'><strong>regni</strong></span> <span class='ocrx_word' id='word_1_13' title='bbox 635 1140 782 1235; x_wconf 84' lang='lat' dir='ltr'><strong>Anglici.</strong></span> <span class='ocrx_word' id='word_1_14' title='bbox 806 1142 969 1225; x_wconf 89' lang='lat' dir='ltr'><strong>Quorum</strong></span> <span class='ocrx_word' id='word_1_15' title='bbox 994 1136 1140 1233; x_wconf 88' lang='lat' dir='ltr'><strong>quidem</strong></span> <span class='ocrx_word' id='word_1_16' title='bbox 1165 1130 1336 1207; x_wconf 88' lang='lat' dir='ltr'><strong>numerus</strong></span> <span class='ocrx_word' id='word_1_17' title='bbox 1365 1134 1499 1205; x_wconf 75' lang='lat' dir='ltr'><strong>mititte</strong></span> <span class='ocrx_word' id='word_1_18' title='bbox 1525 1133 1575 1206; x_wconf 86' lang='lat' dir='ltr'><strong>ad</strong></span> 
     </span>
     <span class='ocr_line' id='line_1_4' title="bbox 515 1250 1571 1353; baseline -0.006 -26"><span class='ocrx_word' id='word_1_19' title='bbox 515 1257 653 1329; x_wconf 82' lang='lat' dir='ltr'><strong>circiter</strong></span> <span class='ocrx_word' id='word_1_20' title='bbox 672 1252 945 1353; x_wconf 88' lang='lat' dir='ltr'><strong>quatuordecim</strong></span> <span class='ocrx_word' id='word_1_21' title='bbox 962 1250 1094 1344; x_wconf 90' lang='lat' dir='ltr'><strong>millia,</strong></span> <span class='ocrx_word' id='word_1_22' title='bbox 1118 1254 1339 1322; x_wconf 86' lang='lat' dir='ltr'><strong>Francorum</strong></span> <span class='ocrx_word' id='word_1_23' title='bbox 1361 1272 1460 1342; x_wconf 88' lang='lat' dir='ltr'><strong>vero,</strong></span> <span class='ocrx_word' id='word_1_24' title='bbox 1486 1271 1571 1322; x_wconf 88' lang='lat' dir='ltr'><strong>cum</strong></span> 
     </span>
     <span class='ocr_line' id='line_1_5' title="bbox 514 1366 1526 1465; baseline -0.007 -22"><span class='ocrx_word' id='word_1_25' title='bbox 514 1373 629 1443; x_wconf 87' lang='lat' dir='ltr'><strong>Sentis</strong></span> <span class='ocrx_word' id='word_1_26' title='bbox 645 1386 680 1443; x_wconf 89' lang='lat' dir='ltr'><strong>et</strong></span> <span class='ocrx_word' id='word_1_27' title='bbox 699 1371 837 1463; x_wconf 87' lang='lat' dir='ltr'><strong>ltalicis,</strong></span> <span class='ocrx_word' id='word_1_28' title='bbox 853 1368 900 1441; x_wconf 88' lang='lat' dir='ltr'><strong>ad</strong></span> <span class='ocrx_word' id='word_1_29' title='bbox 918 1368 1025 1463; x_wconf 87' lang='lat' dir='ltr'><strong>longe</strong></span> <span class='ocrx_word' id='word_1_30' title='bbox 1040 1366 1251 1465; x_wconf 87' lang='lat' dir='ltr'><strong>ampliorem</strong></span> <span class='ocrx_word' id='word_1_31' title='bbox 1270 1367 1526 1439; x_wconf 77' lang='lat' dir='ltr'><strong>aestimabatur.</strong></span> 
     </span>
     <span class='ocr_line' id='line_1_6' title="bbox 562 1482 1573 1585; baseline -0.003 -28"><span class='ocrx_word' id='word_1_32' title='bbox 562 1488 671 1585; x_wconf 85' lang='lat' dir='ltr'><strong>lgitur</strong></span> <span class='ocrx_word' id='word_1_33' title='bbox 682 1512 766 1558; x_wconf 92' lang='lat' dir='ltr'><strong>cum</strong></span> <span class='ocrx_word' id='word_1_34' title='bbox 778 1484 972 1584; x_wconf 87' lang='lat' dir='ltr'><strong>praefinitus</strong></span> <span class='ocrx_word' id='word_1_35' title='bbox 981 1483 1119 1556; x_wconf 89' lang='lat' dir='ltr'><strong>adesset</strong></span> <span class='ocrx_word' id='word_1_36' title='bbox 1127 1482 1239 1574; x_wconf 87' lang='lat' dir='ltr'><strong>dies¹,</strong></span> <span class='ocrx_word' id='word_1_37' title='bbox 1252 1505 1325 1580; x_wconf 91' lang='lat' dir='ltr'><strong>quo</strong></span> <span class='ocrx_word' id='word_1_38' title='bbox 1337 1482 1384 1554; x_wconf 89' lang='lat' dir='ltr'><strong>ad</strong></span> <span class='ocrx_word' id='word_1_39' title='bbox 1393 1496 1573 1555; x_wconf 87' lang='lat' dir='ltr'><strong>certamen</strong></span> 
     </span>
     <span class='ocr_line' id='line_1_7' title="bbox 513 1596 1572 1697; baseline -0.004 -24"><span class='ocrx_word' id='word_1_40' title='bbox 513 1601 819 1697; x_wconf 76' lang='lat' dir='ltr'><strong>congrediendum</strong></span> <span class='ocrx_word' id='word_1_41' title='bbox 836 1612 923 1690; x_wconf 85' lang='lat' dir='ltr'><strong>e&#39;rat,</strong></span> <span class='ocrx_word' id='word_1_42' title='bbox 943 1596 1141 1696; x_wconf 82' lang='lat' dir='ltr'><strong>Anglorum</strong></span> <span class='ocrx_word' id='word_1_43' title='bbox 1157 1599 1331 1674; x_wconf 82' lang='lat' dir='ltr'><strong>exercitus</strong></span> <span class='ocrx_word' id='word_1_44' title='bbox 1348 1600 1384 1670; x_wconf 92' lang='lat' dir='ltr'><strong>in</strong></span> <span class='ocrx_word' id='word_1_45' title='bbox 1403 1600 1507 1696; x_wconf 84' lang='lat' dir='ltr'><strong>agris,</strong></span> <span class='ocrx_word' id='word_1_46' title='bbox 1525 1598 1572 1669; x_wconf 92' lang='lat' dir='ltr'><strong>ab</strong></span> 
     </span>
     <span class='ocr_line' id='line_1_8' title="bbox 513 1704 1567 1817; baseline -0.003 -26"><span class='ocrx_word' id='word_1_47' title='bbox 513 1704 649 1817; x_wconf 88' lang='lat' dir='ltr'><strong>oppido</strong></span> <span class='ocrx_word' id='word_1_48' title='bbox 659 1718 818 1791; x_wconf 87' lang='lat' dir='ltr'><strong>Vernolii</strong></span> <span class='ocrx_word' id='word_1_49' title='bbox 828 1716 936 1816; x_wconf 89' lang='lat' dir='ltr'><strong>paulo</strong></span> <span class='ocrx_word' id='word_1_50' title='bbox 953 1717 1072 1789; x_wconf 90' lang='lat' dir='ltr'><strong>minus</strong></span> <span class='ocrx_word' id='word_1_51' title='bbox 1088 1716 1228 1788; x_wconf 85' lang='lat' dir='ltr'><strong>milliari</strong></span> <span class='ocrx_word' id='word_1_52' title='bbox 1241 1715 1567 1806; x_wconf 83' lang='lat' dir='ltr'><strong>Gallico⁸remotis,</strong></span> 
     </span>
     <span class='ocr_line' id='line_1_9' title="bbox 437 1830 1572 1933; baseline -0.001 -29"><span class='ocrx_word' id='word_1_53' title='bbox 437 1905 441 1913; x_wconf 76' lang='grc'><strong>,</strong></span> <span class='ocrx_word' id='word_1_54' title='bbox 512 1847 627 1933; x_wconf 88' lang='lat' dir='ltr'><strong>castra</strong></span> <span class='ocrx_word' id='word_1_55' title='bbox 635 1833 785 1923; x_wconf 83' lang='lat' dir='ltr'><strong>locavit3</strong></span> <span class='ocrx_word' id='word_1_56' title='bbox 798 1832 845 1905; x_wconf 87' lang='lat' dir='ltr'><strong>ita</strong></span> <span class='ocrx_word' id='word_1_57' title='bbox 855 1848 894 1903; x_wconf 91' lang='lat' dir='ltr'><strong>ut</strong></span> <span class='ocrx_word' id='word_1_58' title='bbox 906 1832 1375 1931; x_wconf 86' lang='lat' dir='ltr'><strong>perspicueaFrancis,qui</strong></span> <span class='ocrx_word' id='word_1_59' title='bbox 1386 1833 1422 1904; x_wconf 94' lang='lat' dir='ltr'><strong>in</strong></span> <span class='ocrx_word' id='word_1_60' title='bbox 1435 1830 1572 1930; x_wconf 91' lang='lat' dir='ltr'><strong>oppido</strong></span> 
     </span>
     <span class='ocr_line' id='line_1_10' title="bbox 512 1931 1573 2039; baseline -0.002 -20"><span class='ocrx_word' id='word_1_61' title='bbox 512 1960 614 2019; x_wconf 89' lang='lat' dir='ltr'><strong>erant</strong></span> <span class='ocrx_word' id='word_1_62' title='bbox 623 1960 659 2019; x_wconf 90' lang='lat' dir='ltr'><strong>et</strong></span> <span class='ocrx_word' id='word_1_63' title='bbox 668 1971 712 2019; x_wconf 89' lang='lat' dir='ltr'><strong>eo</strong></span> <span class='ocrx_word' id='word_1_64' title='bbox 723 1948 830 2039; x_wconf 86' lang='lat' dir='ltr'><strong>circa,</strong></span> <span class='ocrx_word' id='word_1_65' title='bbox 843 1931 1062 2020; x_wconf 86' lang='lat' dir='ltr'><strong>viderentur.</strong></span> <span class='ocrx_word' id='word_1_66' title='bbox 1073 1947 1200 2019; x_wconf 86' lang='lat' dir='ltr'><strong>Franci</strong></span> <span class='ocrx_word' id='word_1_67' title='bbox 1211 1958 1455 2035; x_wconf 87' lang='lat' dir='ltr'><strong>autem,suam</strong></span> <span class='ocrx_word' id='word_1_68' title='bbox 1465 1946 1573 2018; x_wconf 89' lang='lat' dir='ltr'><strong>etiam</strong></span> 
     </span>
     <span class='ocr_line' id='line_1_11' title="bbox 513 2059 1575 2163; baseline -0.002 -28"><span class='ocrx_word' id='word_1_69' title='bbox 513 2063 675 2135; x_wconf 90' lang='lat' dir='ltr'><strong>militiam</strong></span> <span class='ocrx_word' id='word_1_70' title='bbox 698 2062 834 2161; x_wconf 93' lang='lat' dir='ltr'><strong>oppido</strong></span> <span class='ocrx_word' id='word_1_71' title='bbox 859 2062 1074 2156; x_wconf 84' lang='lat' dir='ltr'><strong>educentes,</strong></span> <span class='ocrx_word' id='word_1_72' title='bbox 1095 2059 1132 2135; x_wconf 92' lang='lat' dir='ltr'><strong>in</strong></span> <span class='ocrx_word' id='word_1_73' title='bbox 1148 2064 1319 2163; x_wconf 75' lang='lat' dir='ltr'><strong>proximis</strong></span> <span class='ocrx_word' id='word_1_74' title='bbox 1337 2061 1462 2161; x_wconf 90' lang='lat' dir='ltr'><strong>oppidi</strong></span> <span class='ocrx_word' id='word_1_75' title='bbox 1478 2086 1575 2134; x_wconf 87' lang='lat' dir='ltr'><strong>carn·</strong></span> 
     </span>
     <span class='ocr_line' id='line_1_12' title="bbox 512 2178 1577 2278; baseline 0 -29"><span class='ocrx_word' id='word_1_76' title='bbox 512 2178 568 2278; x_wconf 88' lang='lat' dir='ltr'><strong>pis</strong></span> <span class='ocrx_word' id='word_1_77' title='bbox 581 2202 732 2277; x_wconf 89' lang='lat' dir='ltr'><strong>suorum</strong></span> <span class='ocrx_word' id='word_1_78' title='bbox 744 2178 897 2251; x_wconf 89' lang='lat' dir='ltr'><strong>militum</strong></span> <span class='ocrx_word' id='word_1_79' title='bbox 910 2181 1002 2253; x_wconf 83' lang='lat' dir='ltr'><strong>acies</strong></span> <span class='ocrx_word' id='word_1_80' title='bbox 1015 2178 1240 2253; x_wconf 87' lang='lat' dir='ltr'><strong>ordinarunt.</strong></span> <span class='ocrx_word' id='word_1_81' title='bbox 1253 2178 1362 2267; x_wconf 91' lang='lat' dir='ltr'><strong>Quod</strong></span> <span class='ocrx_word' id='word_1_82' title='bbox 1376 2203 1460 2250; x_wconf 86' lang='lat' dir='ltr'><strong>cum</strong></span> <span class='ocrx_word' id='word_1_83' title='bbox 1474 2178 1577 2250; x_wconf 86' lang='lat' dir='ltr'><strong>fecis·</strong></span> 
     </span>
     <span class='ocr_line' id='line_1_13' title="bbox 513 2293 1573 2394; baseline -0.001 -29"><span class='ocrx_word' id='word_1_84' title='bbox 513 2308 610 2386; x_wconf 88' lang='lat' dir='ltr'><strong>sent,</strong></span> <span class='ocrx_word' id='word_1_85' title='bbox 635 2294 728 2367; x_wconf 90' lang='lat' dir='ltr'><strong>ltalis</strong></span> <span class='ocrx_word' id='word_1_86' title='bbox 748 2293 927 2392; x_wconf 86' lang='lat' dir='ltr'><strong>equitibus</strong></span> <span class='ocrx_word' id='word_1_87' title='bbox 943 2295 1242 2394; x_wconf 75' lang='lat' dir='ltr'><strong>precedentibus,</strong></span> <span class='ocrx_word' id='word_1_88' title='bbox 1262 2294 1443 2394; x_wconf 89' lang='lat' dir='ltr'><strong>pedestres</strong></span> <span class='ocrx_word' id='word_1_89' title='bbox 1459 2294 1573 2392; x_wconf 75' lang='lat' dir='ltr'><strong>copiae</strong></span> 
     </span>
     <span class='ocr_line' id='line_1_14' title="bbox 512 2409 1574 2509; baseline -0.003 -26"><span class='ocrx_word' id='word_1_90' title='bbox 512 2430 599 2486; x_wconf 86' lang='lat' dir='ltr'><strong>cum</strong></span> <span class='ocrx_word' id='word_1_91' title='bbox 612 2410 735 2483; x_wconf 92' lang='lat' dir='ltr'><strong>militia</strong></span> <span class='ocrx_word' id='word_1_92' title='bbox 753 2414 944 2484; x_wconf 86' lang='lat' dir='ltr'><strong>Scotorum</strong></span> <span class='ocrx_word' id='word_1_93' title='bbox 960 2410 1107 2486; x_wconf 86' lang='lat' dir='ltr'><strong>obviam</strong></span> <span class='ocrx_word' id='word_1_94' title='bbox 1124 2412 1292 2509; x_wconf 73' lang='lat' dir='ltr'><strong>Anglicis,</strong></span> <span class='ocrx_word' id='word_1_95' title='bbox 1312 2409 1459 2483; x_wconf 87' lang='lat' dir='ltr'><strong>eosdem</strong></span> <span class='ocrx_word' id='word_1_96' title='bbox 1481 2432 1574 2508; x_wconf 91' lang='lat' dir='ltr'><strong>quo·</strong></span> 
     </span>
     <span class='ocr_line' id='line_1_15' title="bbox 513 2525 1575 2626; baseline -0.004 -28"><span class='ocrx_word' id='word_1_97' title='bbox 513 2550 583 2624; x_wconf 92' lang='lat' dir='ltr'><strong>que</strong></span> <span class='ocrx_word' id='word_1_98' title='bbox 597 2526 888 2626; x_wconf 82' lang='lat' dir='ltr'><strong>expectantibus,</strong></span> <span class='ocrx_word' id='word_1_99' title='bbox 907 2525 1102 2626; x_wconf 82' lang='lat' dir='ltr'><strong>procedere</strong></span> <span class='ocrx_word' id='word_1_100' title='bbox 1117 2542 1315 2626; x_wconf 89' lang='lat' dir='ltr'><strong>coeperunt.</strong></span> <span class='ocrx_word' id='word_1_101' title='bbox 1334 2530 1575 2622; x_wconf 85' lang='lat' dir='ltr'><strong>irrumpentes</strong></span> 
     </span>
     <span class='ocr_line' id='line_1_16' title="bbox 513 2642 1577 2741; baseline -0.003 -27"><span class='ocrx_word' id='word_1_102' title='bbox 513 2644 632 2740; x_wconf 91' lang='lat' dir='ltr'><strong>itaque</strong></span> <span class='ocrx_word' id='word_1_103' title='bbox 648 2644 785 2741; x_wconf 89' lang='lat' dir='ltr'><strong>equites</strong></span> <span class='ocrx_word' id='word_1_104' title='bbox 798 2642 923 2714; x_wconf 85' lang='lat' dir='ltr'><strong>Gallici</strong></span> <span class='ocrx_word' id='word_1_105' title='bbox 940 2644 977 2715; x_wconf 93' lang='lat' dir='ltr'><strong>in</strong></span> <span class='ocrx_word' id='word_1_106' title='bbox 995 2642 1190 2740; x_wconf 80' lang='lat' dir='ltr'><strong>lluglorum</strong></span> <span class='ocrx_word' id='word_1_107' title='bbox 1206 2642 1368 2741; x_wconf 89' lang='lat' dir='ltr'><strong>peditum</strong></span> <span class='ocrx_word' id='word_1_108' title='bbox 1384 2642 1476 2714; x_wconf 84' lang='lat' dir='ltr'><strong>acies</strong></span> <span class='ocrx_word' id='word_1_109' title='bbox 1493 2666 1577 2713; x_wconf 92' lang='lat' dir='ltr'><strong>cum</strong></span> 
     </span>
     <span class='ocr_line' id='line_1_17' title="bbox 513 2757 1578 2858; baseline 0.001 -29"><span class='ocrx_word' id='word_1_110' title='bbox 513 2757 716 2830; x_wconf 85' lang='lat' dir='ltr'><strong>vehementi</strong></span> <span class='ocrx_word' id='word_1_111' title='bbox 732 2759 897 2847; x_wconf 89' lang='lat' dir='ltr'><strong>incursu,</strong></span> <span class='ocrx_word' id='word_1_112' title='bbox 917 2758 1072 2829; x_wconf 91' lang='lat' dir='ltr'><strong>multum</strong></span> <span class='ocrx_word' id='word_1_113' title='bbox 1087 2773 1204 2831; x_wconf 90' lang='lat' dir='ltr'><strong>metus</strong></span> <span class='ocrx_word' id='word_1_114' title='bbox 1222 2775 1329 2858; x_wconf 90' lang='lat' dir='ltr'><strong>atque</strong></span> <span class='ocrx_word' id='word_1_115' title='bbox 1344 2759 1494 2858; x_wconf 88' lang='lat' dir='ltr'><strong>periculi</strong></span> <span class='ocrx_word' id='word_1_116' title='bbox 1511 2760 1578 2831; x_wconf 91' lang='lat' dir='ltr'><strong>eis-</strong></span> 
     </span>
     <span class='ocr_line' id='line_1_18' title="bbox 514 2871 1577 2974; baseline 0.002 -31"><span class='ocrx_word' id='word_1_117' title='bbox 514 2871 599 2945; x_wconf 90' lang='lat' dir='ltr'><strong>dem</strong></span> <span class='ocrx_word' id='word_1_118' title='bbox 615 2874 862 2964; x_wconf 87' lang='lat' dir='ltr'><strong>incusserunt,</strong></span> <span class='ocrx_word' id='word_1_119' title='bbox 885 2872 1115 2971; x_wconf 88' lang='lat' dir='ltr'><strong>quamplures</strong></span> <span class='ocrx_word' id='word_1_120' title='bbox 1133 2898 1174 2946; x_wconf 81' lang='lat' dir='ltr'><strong>er</strong></span> <span class='ocrx_word' id='word_1_121' title='bbox 1198 2876 1301 2974; x_wconf 76' lang='lat' dir='ltr'><strong>ipsis,</strong></span> <span class='ocrx_word' id='word_1_122' title='bbox 1332 2900 1424 2973; x_wconf 90' lang='lat' dir='ltr'><strong>quos</strong></span> <span class='ocrx_word' id='word_1_123' title='bbox 1451 2873 1577 2945; x_wconf 88' lang='lat' dir='ltr'><strong>obvios</strong></span> 
     </span>
     <span class='ocr_line' id='line_1_19' title="bbox 514 2986 1578 3090; baseline 0.005 -32"><span class='ocrx_word' id='word_1_124' title='bbox 514 2986 680 3059; x_wconf 86' lang='lat' dir='ltr'><strong>habuisse</strong></span> <span class='ocrx_word' id='word_1_125' title='bbox 714 3002 931 3086; x_wconf 89' lang='lat' dir='ltr'><strong>potueruut,</strong></span> <span class='ocrx_word' id='word_1_126' title='bbox 966 2988 1013 3059; x_wconf 91' lang='lat' dir='ltr'><strong>ad</strong></span> <span class='ocrx_word' id='word_1_127' title='bbox 1048 3003 1179 3061; x_wconf 89' lang='lat' dir='ltr'><strong>terram</strong></span> <span class='ocrx_word' id='word_1_128' title='bbox 1214 2988 1504 3090; x_wconf 85' lang='lat' dir='ltr'><strong>[profligantes],</strong></span> <span class='ocrx_word' id='word_1_129' title='bbox 1541 3004 1578 3063; x_wconf 85' lang='lat' dir='ltr'><strong>et</strong></span> 
     </span>
     <span class='ocr_line' id='line_1_20' title="bbox 515 3102 1579 3204; baseline 0.003 -31"><span class='ocrx_word' id='word_1_130' title='bbox 515 3102 623 3174; x_wconf 89' lang='lat' dir='ltr'><strong>totius</strong></span> <span class='ocrx_word' id='word_1_131' title='bbox 634 3102 826 3199; x_wconf 83' lang='lat' dir='ltr'><strong>Anglorum</strong></span> <span class='ocrx_word' id='word_1_132' title='bbox 842 3103 1018 3176; x_wconf 86' lang='lat' dir='ltr'><strong>exercitus</strong></span> <span class='ocrx_word' id='word_1_133' title='bbox 1028 3104 1122 3176; x_wconf 88' lang='lat' dir='ltr'><strong>acies</strong></span> <span class='ocrx_word' id='word_1_134' title='bbox 1131 3120 1377 3203; x_wconf 88' lang='lat' dir='ltr'><strong>penetrantes,</strong></span> <span class='ocrx_word' id='word_1_135' title='bbox 1399 3130 1477 3179; x_wconf 89' lang='lat' dir='ltr'><strong>sese</strong></span> <span class='ocrx_word' id='word_1_136' title='bbox 1493 3106 1579 3204; x_wconf 90' lang='lat' dir='ltr'><strong>ipsis</strong></span> 
     </span>
     <span class='ocr_line' id='line_1_21' title="bbox 515 3216 1577 3320; baseline 0.006 -32"><span class='ocrx_word' id='word_1_137' title='bbox 515 3216 668 3313; x_wconf 81' lang='lat' dir='ltr'><strong>Anglicis</strong></span> <span class='ocrx_word' id='word_1_138' title='bbox 690 3216 928 3301; x_wconf 86' lang='lat' dir='ltr'><strong>findentibus,</strong></span> <span class='ocrx_word' id='word_1_139' title='bbox 947 3234 989 3292; x_wconf 92' lang='lat' dir='ltr'><strong>ut</strong></span> <span class='ocrx_word' id='word_1_140' title='bbox 1004 3220 1171 3293; x_wconf 85' lang='lat' dir='ltr'><strong>transitus</strong></span> <span class='ocrx_word' id='word_1_141' title='bbox 1193 3222 1270 3320; x_wconf 87' lang='lat' dir='ltr'><strong>ipse</strong></span> <span class='ocrx_word' id='word_1_142' title='bbox 1287 3221 1382 3295; x_wconf 85' lang='lat' dir='ltr'><strong>Italis</strong></span> <span class='ocrx_word' id='word_1_143' title='bbox 1399 3220 1577 3320; x_wconf 87' lang='lat' dir='ltr'><strong>equitibus</strong></span> 
     </span>
    </p>
   </div>
   <div class='ocr_carea' id='block_1_3' title="bbox 384 3335 1578 3437">
    <p class='ocr_par' dir='ltr' id='par_1_3' title="bbox 384 3335 1578 3437">
     <span class='ocr_line' id='line_1_22' title="bbox 384 3335 1578 3437; baseline 0.009 -38"><span class='ocrx_word' id='word_1_144' title='bbox 384 3390 387 3399; x_wconf 90' lang='grc'><strong>.</strong></span> <span class='ocrx_word' id='word_1_145' title='bbox 467 3405 469 3411; x_wconf 83' lang='lat'><em>.</em></span> <span class='ocrx_word' id='word_1_146' title='bbox 515 3356 599 3405; x_wconf 92' lang='lat' dir='ltr'><strong>cum</strong></span> <span class='ocrx_word' id='word_1_147' title='bbox 614 3335 755 3407; x_wconf 90' lang='lat' dir='ltr'><strong>minore</strong></span> <span class='ocrx_word' id='word_1_148' title='bbox 772 3357 899 3407; x_wconf 91' lang='lat' dir='ltr'><strong>eorum</strong></span> <span class='ocrx_word' id='word_1_149' title='bbox 916 3335 1130 3409; x_wconf 90' lang='lat' dir='ltr'><strong>detrimento</strong></span> <span class='ocrx_word' id='word_1_150' title='bbox 1147 3351 1382 3437; x_wconf 75' lang='lat' dir='ltr'><strong>prestaretur.</strong></span> <span class='ocrx_word' id='word_1_151' title='bbox 1407 3342 1499 3410; x_wconf 88' lang='lat' dir='ltr'><strong>Cum</strong></span> <span class='ocrx_word' id='word_1_152' title='bbox 1514 3362 1578 3410; x_wconf 91' lang='lat' dir='ltr'><strong>au·</strong></span> 
     </span>
    </p>
   </div>
   <div class='ocr_carea' id='block_1_4' title="bbox 377 3449 1578 4363">
    <p class='ocr_par' dir='ltr' id='par_1_4' title="bbox 377 3449 1578 4363">
     <span class='ocr_line' id='line_1_23' title="bbox 515 3449 1578 3551; baseline 0.007 -32"><span class='ocrx_word' id='word_1_153' title='bbox 515 3460 589 3519; x_wconf 89' lang='lat' dir='ltr'><strong>tem</strong></span> <span class='ocrx_word' id='word_1_154' title='bbox 609 3449 659 3523; x_wconf 88' lang='lat' dir='ltr'><strong>ita</strong></span> <span class='ocrx_word' id='word_1_155' title='bbox 679 3464 923 3551; x_wconf 86' lang='lat' dir='ltr'><strong>penetrassent</strong></span> <span class='ocrx_word' id='word_1_156' title='bbox 947 3453 1144 3551; x_wconf 77' lang='lat' dir='ltr'><strong>Anglorum</strong></span> <span class='ocrx_word' id='word_1_157' title='bbox 1171 3454 1280 3545; x_wconf 86' lang='lat' dir='ltr'><strong>acies,</strong></span> <span class='ocrx_word' id='word_1_158' title='bbox 1301 3454 1422 3526; x_wconf 90' lang='lat' dir='ltr'><strong>multis</strong></span> <span class='ocrx_word' id='word_1_159' title='bbox 1437 3476 1578 3526; x_wconf 89' lang='lat' dir='ltr'><strong>eorum·</strong></span> 
     </span>
     <span class='ocr_line' id='line_1_24' title="bbox 515 3561 1576 3665; baseline 0.008 -31"><span class='ocrx_word' id='word_1_160' title='bbox 515 3561 599 3636; x_wconf 89' lang='lat' dir='ltr'><strong>dem</strong></span> <span class='ocrx_word' id='word_1_161' title='bbox 620 3566 815 3664; x_wconf 76' lang='lat' dir='ltr'><strong>Anglorum</strong></span> <span class='ocrx_word' id='word_1_162' title='bbox 832 3569 1018 3665; x_wconf 84' lang='lat' dir='ltr'><strong>prostratis</strong></span> <span class='ocrx_word' id='word_1_163' title='bbox 1040 3568 1087 3642; x_wconf 90' lang='lat' dir='ltr'><strong>ad</strong></span> <span class='ocrx_word' id='word_1_164' title='bbox 1108 3584 1260 3662; x_wconf 85' lang='lat' dir='ltr'><strong>terram,</strong></span> <span class='ocrx_word' id='word_1_165' title='bbox 1285 3584 1322 3644; x_wconf 90' lang='lat' dir='ltr'><strong>et</strong></span> <span class='ocrx_word' id='word_1_166' title='bbox 1340 3594 1487 3643; x_wconf 90' lang='lat' dir='ltr'><strong>omnem</strong></span> <span class='ocrx_word' id='word_1_167' title='bbox 1506 3575 1576 3642; x_wconf 85' lang='lat' dir='ltr'><strong>Au·</strong></span> 
     </span>
     <span class='ocr_line' id='line_1_25' title="bbox 513 3678 1578 3785; baseline 0.008 -36"><span class='ocrx_word' id='word_1_168' title='bbox 513 3678 656 3776; x_wconf 81' lang='lat' dir='ltr'><strong>glorum</strong></span> <span class='ocrx_word' id='word_1_169' title='bbox 681 3683 874 3753; x_wconf 85' lang='lat' dir='ltr'><strong>exercitum</strong></span> <span class='ocrx_word' id='word_1_170' title='bbox 902 3686 1213 3782; x_wconf 88' lang='lat' dir='ltr'><strong>pertransiissent,</strong></span> <span class='ocrx_word' id='word_1_171' title='bbox 1246 3701 1285 3758; x_wconf 91' lang='lat' dir='ltr'><strong>ut</strong></span> <span class='ocrx_word' id='word_1_172' title='bbox 1314 3710 1376 3757; x_wconf 87' lang='lat' dir='ltr'><strong>eos</strong></span> <span class='ocrx_word' id='word_1_173' title='bbox 1395 3685 1471 3783; x_wconf 88' lang='lat' dir='ltr'><strong>jam</strong></span> <span class='ocrx_word' id='word_1_174' title='bbox 1495 3701 1578 3785; x_wconf 88' lang='lat' dir='ltr'><strong>post</strong></span> 
     </span>
     <span class='ocr_line' id='line_1_26' title="bbox 514 3796 1578 3897; baseline 0.006 -28"><span class='ocrx_word' id='word_1_175' title='bbox 514 3810 654 3893; x_wconf 83' lang='lat' dir='ltr'><strong>tergum</strong></span> <span class='ocrx_word' id='word_1_176' title='bbox 666 3796 930 3895; x_wconf 81' lang='lat' dir='ltr'><strong>relinquerent3</strong></span> <span class='ocrx_word' id='word_1_177' title='bbox 949 3800 1187 3878; x_wconf 85' lang='lat' dir='ltr'><strong>existimantes</strong></span> <span class='ocrx_word' id='word_1_178' title='bbox 1209 3816 1397 3897; x_wconf 87' lang='lat' dir='ltr'><strong>sequentes</strong></span> <span class='ocrx_word' id='word_1_179' title='bbox 1414 3828 1452 3875; x_wconf 92' lang='lat' dir='ltr'><strong>se</strong></span> <span class='ocrx_word' id='word_1_180' title='bbox 1467 3807 1578 3875; x_wconf 88' lang='lat' dir='ltr'><strong>Frau-</strong></span> 
     </span>
     <span class='ocr_line' id='line_1_27' title="bbox 513 3915 1577 4013; baseline 0.005 -29"><span class='ocrx_word' id='word_1_181' title='bbox 513 3936 642 3985; x_wconf 87' lang='lat' dir='ltr'><strong>corum</strong></span> <span class='ocrx_word' id='word_1_182' title='bbox 663 3916 924 4011; x_wconf 87' lang='lat' dir='ltr'><strong>Scotorumque</strong></span> <span class='ocrx_word' id='word_1_183' title='bbox 951 3915 1092 4013; x_wconf 85' lang='lat' dir='ltr'><strong>copias,</strong></span> <span class='ocrx_word' id='word_1_184' title='bbox 1113 3916 1211 4013; x_wconf 89' lang='lat' dir='ltr'><strong>quod</strong></span> <span class='ocrx_word' id='word_1_185' title='bbox 1236 3918 1319 3989; x_wconf 87' lang='lat' dir='ltr'><strong>satis</strong></span> <span class='ocrx_word' id='word_1_186' title='bbox 1336 3917 1494 3989; x_wconf 75' lang='lat' dir='ltr'><strong>&#39;feliciter</strong></span> <span class='ocrx_word' id='word_1_187' title='bbox 1521 3918 1577 3989; x_wconf 90' lang='lat' dir='ltr'><strong>in·</strong></span> 
     </span>
     <span class='ocr_line' id='line_1_28' title="bbox 514 4028 1577 4131; baseline 0.004 -30"><span class='ocrx_word' id='word_1_188' title='bbox 514 4028 688 4102; x_wconf 90' lang='lat' dir='ltr'><strong>choarant</strong></span> <span class='ocrx_word' id='word_1_189' title='bbox 703 4029 921 4128; x_wconf 84' lang='lat' dir='ltr'><strong>perfecturos</strong></span> <span class='ocrx_word' id='word_1_190' title='bbox 944 4029 1037 4121; x_wconf 88' lang='lat' dir='ltr'><strong>sore,</strong></span> <span class='ocrx_word' id='word_1_191' title='bbox 1063 4044 1099 4103; x_wconf 92' lang='lat' dir='ltr'><strong>et</strong></span> <span class='ocrx_word' id='word_1_192' title='bbox 1115 4031 1244 4128; x_wconf 81' lang='lat' dir='ltr'><strong>Anglos</strong></span> <span class='ocrx_word' id='word_1_193' title='bbox 1259 4033 1296 4103; x_wconf 93' lang='lat' dir='ltr'><strong>in</strong></span> <span class='ocrx_word' id='word_1_194' title='bbox 1320 4031 1457 4131; x_wconf 88' lang='lat' dir='ltr'><strong>reliquo</strong></span> <span class='ocrx_word' id='word_1_195' title='bbox 1476 4033 1577 4105; x_wconf 84' lang='lat' dir='ltr'><strong>facile</strong></span> 
     </span>
     <span class='ocr_line' id='line_1_29' title="bbox 513 4144 1576 4247; baseline 0.006 -31"><span class='ocrx_word' id='word_1_196' title='bbox 513 4144 728 4218; x_wconf 89' lang='lat' dir='ltr'><strong>occumbere</strong></span> <span class='ocrx_word' id='word_1_197' title='bbox 754 4160 789 4218; x_wconf 90' lang='lat' dir='ltr'><strong>et</strong></span> <span class='ocrx_word' id='word_1_198' title='bbox 815 4145 911 4216; x_wconf 86' lang='lat' dir='ltr'><strong>vinci</strong></span> <span class='ocrx_word' id='word_1_199' title='bbox 936 4170 1063 4243; x_wconf 90' lang='lat' dir='ltr'><strong>posse,</strong></span> <span class='ocrx_word' id='word_1_200' title='bbox 1088 4146 1134 4219; x_wconf 91' lang='lat' dir='ltr'><strong>ad</strong></span> <span class='ocrx_word' id='word_1_201' title='bbox 1159 4146 1353 4221; x_wconf 87' lang='lat' dir='ltr'><strong>sarcinulas</strong></span> <span class='ocrx_word' id='word_1_202' title='bbox 1379 4147 1576 4247; x_wconf 79' lang='lat' dir='ltr'><strong>Anglorum</strong></span> 
     </span>
     <span class='ocr_line' id='line_1_30' title="bbox 377 4260 1578 4363; baseline 0.006 -32"><span class='ocrx_word' id='word_1_203' title='bbox 377 4267 385 4292; x_wconf 88' lang='grc'><strong>“</strong></span> <span class='ocrx_word' id='word_1_204' title='bbox 514 4260 753 4361; x_wconf 89' lang='lat' dir='ltr'><strong>diripiendas,</strong></span> <span class='ocrx_word' id='word_1_205' title='bbox 771 4286 850 4360; x_wconf 87' lang='lat' dir='ltr'><strong>quae</strong></span> <span class='ocrx_word' id='word_1_206' title='bbox 866 4285 950 4333; x_wconf 92' lang='lat' dir='ltr'><strong>cum</strong></span> <span class='ocrx_word' id='word_1_207' title='bbox 972 4286 1099 4334; x_wconf 91' lang='lat' dir='ltr'><strong>eorum</strong></span> <span class='ocrx_word' id='word_1_208' title='bbox 1124 4260 1265 4335; x_wconf 87' lang='lat' dir='ltr'><strong>famulis</strong></span> <span class='ocrx_word' id='word_1_209' title='bbox 1281 4278 1319 4336; x_wconf 94' lang='lat' dir='ltr'><strong>et</strong></span> <span class='ocrx_word' id='word_1_210' title='bbox 1337 4265 1578 4363; x_wconf 82' lang='lat' dir='ltr'><strong>mangonibus</strong></span> 
     </span>
    </p>
   </div>
   <div class='ocr_carea' id='block_1_5' title="bbox 539 4452 931 4693">
    <p class='ocr_par' dir='ltr' id='par_1_5' title="bbox 539 4452 931 4693">
     <span class='ocr_line' id='line_1_31' title="bbox 553 4452 802 4513; baseline 0.016 -4"><span class='ocrx_word' id='word_1_211' title='bbox 553 4454 582 4511; x_wconf 89' lang='lat' dir='ltr'><strong>l.</strong></span> <span class='ocrx_word' id='word_1_212' title='bbox 605 4452 682 4511; x_wconf 91' lang='lat' dir='ltr'><strong>Lord</strong></span> <span class='ocrx_word' id='word_1_213' title='bbox 696 4452 802 4513; x_wconf 84' lang='lat' dir='ltr'><strong>scales.</strong></span> 
     </span>
     <span class='ocr_line' id='line_1_32' title="bbox 552 4540 830 4603; baseline 0.011 -5"><span class='ocrx_word' id='word_1_214' title='bbox 552 4540 583 4599; x_wconf 80' lang='lat'><strong>2.</strong></span> <span class='ocrx_word' id='word_1_215' title='bbox 608 4544 643 4599; x_wconf 82' lang='grc'><strong>17</strong></span> <span class='ocrx_word' id='word_1_216' title='bbox 657 4545 726 4601; x_wconf 74' lang='lat' dir='ltr'><strong>mitt</strong></span> <span class='ocrx_word' id='word_1_217' title='bbox 741 4546 830 4603; x_wconf 71' lang='lat' dir='ltr'><strong>tm.</strong></span> 
     </span>
     <span class='ocr_line' id='line_1_33' title="bbox 539 4630 931 4693; baseline 0.015 -7"><span class='ocrx_word' id='word_1_218' title='bbox 539 4630 540 4635; x_wconf 76' lang='grc'>’</span> <span class='ocrx_word' id='word_1_219' title='bbox 553 4632 581 4687; x_wconf 85' lang='grc'><strong>3.</strong></span> <span class='ocrx_word' id='word_1_220' title='bbox 605 4630 669 4689; x_wconf 87' lang='lat' dir='ltr'><strong>Une</strong></span> <span class='ocrx_word' id='word_1_221' title='bbox 677 4630 753 4691; x_wconf 86' lang='lat' dir='ltr'><strong>lieue</strong></span> <span class='ocrx_word' id='word_1_222' title='bbox 767 4630 804 4691; x_wconf 89' lang='lat' dir='ltr'><strong>de</strong></span> <span class='ocrx_word' id='word_1_223' title='bbox 812 4634 931 4693; x_wconf 75' lang='lat' dir='ltr'><strong>Franco.</strong></span> 
     </span>
    </p>
   </div>
   <div class='ocr_carea' id='block_1_6' title="bbox 0 0 1951 5892">
    <p class='ocr_par' dir='ltr' id='par_1_6' title="bbox 0 0 1951 5892">
     <span class='ocr_line' id='line_1_34' title="bbox 0 0 1951 5892; baseline 0 0"><span class='ocrx_word' id='word_1_224' title='bbox 0 0 1951 5892; x_wconf 95' lang='lat' dir='ltr'><strong> </strong></span> 
     </span>
    </p>
   </div>
  </div>
 </body>
</html>
