3892 5892
472 963 477 982 ι
524 877 582 935 lif
812 870 1067 929 fflstotttatttttt
1085 867 1224 933 ffliOU
1243 870 1296 927 vn

524 997 684 1075 secundo
699 994 748 1070 ad
766 1018 886 1093 regem
900 993 1055 1071 Francia
1073 1007 1127 1065 est
1144 1014 1328 1081 reversus,
1347 992 1510 1075 deferens
1525 1018 1585 1067 sos

524 1143 609 1193 cum
624 1112 882 1195 ratihabitionis
897 1108 1032 1185 litteras
1053 1111 1144 1207 regis
1163 1124 1201 1183 et
1222 1134 1415 1209 procerum
1433 1112 1581 1209 Anglie.

524 1238 599 1307 Hac
610 1232 708 1308 cuim
720 1230 798 1303 vice
812 1225 972 1301 soeunda
987 1250 1028 1299 es
1037 1226 1151 1299 Gallia
1163 1226 1200 1299 in
1212 1226 1374 1323 Angliatn
1390 1229 1581 1328 repedans,

523 1354 756 1445 Margaretam
774 1343 997 1443 praedictam,
1026 1364 1094 1417 suc
1116 1342 1369 1441 desponsatam
1399 1346 1493 1443 regi,
1515 1370 1583 1445 per

524 1462 780 1537 Normanniam
795 1458 844 1531 ad
858 1457 1081 1539 Hareflutum
1107 1480 1238 1555 usque,
1263 1446 1483 1534 marilimum
1506 1484 1583 1536 cas

525 1580 669 1669 tellum,
689 1574 850 1649 adduxit.
877 1572 981 1649 Unde
999 1588 1073 1647 tarn
1091 1574 1162 1671 ipsi
1187 1590 1308 1671 quarn¹
1320 1575 1437 1649 essen
1455 1576 1581 1672 lngio-

523 1720 606 1771 rum
615 1716 782 1793 proceres
793 1746 805 1781 ,
817 1690 1024 1764 conscensis
1041 1678 1241 1765 navibuset
1257 1716 1394 1767 oceano
1411 1674 1575 1783 emenso,

524 1812 637 1910 ipsam
663 1810 898 1905 Margaretam
920 1820 1017 1881 mans
1045 1804 1176 1883 fretum
1199 1831 1322 1879 secum
1343 1805 1577 1913 advehentes,

524 1930 563 2001 in
580 1926 733 2001 domum
753 1924 873 1999 mariti
887 1946 969 1997 eam
990 1922 1226 1999 collocarunt.
1253 1922 1324 2007 Ubi
1339 1948 1423 1997 oum
1445 1925 1579 2021 ingenti

526 2043 709 2117 festivitate
722 2056 760 2119 et
773 2041 892 2116 letitia
909 2041 1019 2113 totius
1043 2041 1159 2137 regni,
1176 2041 1316 2115 cuncus
1334 2043 1433 2139 regio
1448 2042 1534 2115 luxu
1545 2059 1580 2115 et

524 2162 617 2235 fastu
629 2158 808 2257 apparatis
819 2172 929 2256 atque
945 2157 1142 2257 dispositis,
1165 2180 1243 2255 quae
1259 2156 1307 2231 ad
1327 2157 1366 2231 id
1382 2160 1580 2233 necessaria

523 2298 588 2349 seu
602 2288 810 2374 opportuna
826 2271 1064 2373 putabantur,
1083 2273 1291 2371 nuptiarum
1305 2271 1480 2348 solemnia
1493 2298 1582 2347 con-

516 2403 699 2465 summata
721 2388 889 2480 fuerunt,
919 2390 1056 2487 fuitque
1081 2390 1158 2487 ipsa
1188 2390 1227 2461 in
1261 2390 1420 2486 reginam
1451 2390 1581 2489 tngtiae

527 2509 675 2581 inuncta
696 2505 903 2579 solemnitor
918 2520 955 2578 et
979 2502 1182 2593 benedicta,
1204 2504 1271 2579 Cui
1293 2504 1456 2603 profecto
1484 2508 1515 2579 si
1540 2529 1582 2580 es

526 2621 672 2697 felicitas
687 2637 722 2694 et
738 2619 1000 2706 benevolentia,
1019 2644 1098 2717 quae
1111 2620 1149 2691 in
1164 2618 1221 2693 his
1237 2618 1345 2691 initiis
1356 2618 1424 2693 sibi
1442 2634 1583 2695 ostensa

525 2739 608 2831 fuit,
622 2740 659 2810 in
678 2735 790 2811 finem
810 2724 923 2831 usque
939 2734 1181 2832 perdurasset,
1200 2734 1285 2809 satis
1298 2734 1379 2809 felix
1391 2733 1497 2811 fuisse
1511 2734 1583 2809 dici

527 2857 711 2956 potuisset.
729 2852 800 2927 Sed
813 2848 922 2925 hausl
943 2866 984 2926 ut
1000 2852 1151 2947 tragicus
1165 2852 1295 2929 cecinit
1305 2904 1316 2941 ,
1340 2852 1502 2951 profecto

647 3019 727 3074 lfnlla
737 3037 795 3073 sors
803 3018 884 3090 longa
893 3030 933 3072 est
945 3037 952 3074 ε
965 3016 1081 3071 doloret
1091 3020 1212 3093 voluptas

648 3098 767 3159 laricem
776 3096 892 3166 osdmt3
903 3099 1012 3159 brevior
1019 3098 1151 3172 voluptas.

525 3226 689 3317 Etitcm,

647 3383 751 3437 llarnm
762 3395 818 3451 est,
830 3382 893 3438 felix
904 3382 1028 3457 idemque
1036 3402 1125 3449 senex,

525 3528 653 3626 inquit.
673 3526 781 3617 Quod
797 3528 893 3614 enim
908 3529 946 3600 in
961 3527 1149 3603 lubricoet
1160 3526 1272 3625 fragili
1285 3508 1398 3627 posita
1415 3527 1461 3599 sit
1476 3524 1584 3601 felici-

526 3657 579 3717 tas
590 3698 600 3734 ,
611 3668 690 3741 quae
706 3643 746 3719 iu
764 3644 869 3718 claris
887 3659 923 3718 et
934 3641 1129 3717 illustribus
1146 3640 1314 3715 domibus
1332 3640 1379 3735 ab
1394 3642 1583 3740 insipiente

528 3762 636 3859 vulgo
651 3785 727 3835 esso
746 3775 910 3861 putatur,
935 3784 1117 3859 quamque
1141 3760 1260 3835 multis
1286 3757 1583 3835 amaritudinibus

526 3874 692 3953 humanae
709 3875 884 3949 felicitatis
910 3874 1064 3953 dulcedo
1081 3900 1241 3975 respersa
1256 3876 1322 3967 sit,
1345 3891 1386 3951 ut
1407 3877 1445 3949 in
1463 3876 1583 3949 multis

524 4007 561 4067 et
576 4018 678 4093 paene
692 3993 891 4098 innumeris
905 3992 1100 4065 illustrium
1116 4016 1350 4091 personarum
1370 3991 1584 4077 calamitosis

526 4131 568 4181 ac
585 4109 793 4180 aermnnosis
806 4106 967 4199 casibus,
987 4106 1037 4178 sic
1060 4108 1096 4178 in
1115 4106 1182 4180 hac
1198 4109 1321 4204 regina
1336 4112 1531 4205 Margareta
1547 4121 1584 4177 et

526 4224 602 4321 ejus
618 4224 747 4297 marito
762 4223 918 4295 ilenrico
931 4220 1211 4295 luculentissime
1228 4224 1366 4297 enituit.
1379 4227 1467 4312 Quae
1484 4234 1582 4295 tanto

527 4338 694 4438 copulata
710 4354 746 4413 et
762 4355 835 4415 tam
848 4340 988 4439 potenti
1004 4340 1154 4433 marito,
1173 4342 1280 4415 tantis
1300 4366 1383 4419 cum
1395 4340 1536 4415 honore
1549 4354 1585 4411 et

528 4455 641 4553 gloria
663 4457 842 4566 totiusque
858 4457 958 4555 regni
977 4457 1149 4557 applausu
1166 4442 1203 4529 iu
1227 4458 1383 4555 reginale
1396 4458 1585 4532 sublimata

528 4568 724 4667 fastigium,
742 4586 778 4646 et
797 4597 840 4646 ex
856 4572 987 4647 eodem
1004 4572 1081 4645 viro
1099 4570 1212 4649 fitium
1225 4574 1349 4669 enixa,
1367 4576 1406 4649 in
1420 4598 1494 4675 quo¹
1509 4584 1584 4645 tota
