3892 5892
739 898 850 971 tmen
869 895 1042 986 noturus.
1363 899 1422 972 tst

364 1038 483 1136 pontis
498 1035 766 1108 londoniarum
778 1037 972 1127 venientes,
987 1035 1038 1109 ibi
1051 1037 1257 1109 conflictum
1272 1037 1356 1110 curli
1372 1039 1423 1110 ci·

364 1151 466 1224 vibus
477 1152 561 1223 satis
570 1149 739 1223 acerbum
752 1149 988 1238 tabuerunu,
1001 1152 1036 1222 in
1048 1175 1122 1250 quo
1136 1167 1341 1251 peremptus
1360 1153 1425 1226 iuit
1521 1151 1529 1164 '

365 1266 547 1341 Matthaeus
571 1273 646 1355 Go,
670 1268 733 1364 qui
753 1266 905 1340 civitatis
925 1267 1125 1340 Baiocensis
1149 1269 1185 1340 in
1207 1269 1424 1342 Normannia

364 1396 399 1454 et
414 1383 572 1481 plurium
588 1397 807 1456 armatorum
825 1383 1032 1480 capitaneus
1048 1384 1238 1471 exstiterat,
1254 1386 1425 1482 quemad·

365 1499 515 1571 modum
526 1501 563 1570 io
576 1494 892 1597 praecedentibusa
908 1497 1015 1570 nobis
1026 1497 1162 1572 dictum
1174 1499 1251 1573 luit.
1266 1499 1424 1573 Tandem

364 1636 451 1684 vero
468 1613 612 1711 populis
627 1612 695 1684 illis
716 1636 739 1685 a
763 1610 902 1684 civibus
925 1611 1191 1684 londoniarum
1211 1613 1370 1710 ingressu
1387 1615 1424 1686 in

366 1727 491 1800 urbem
514 1727 661 1826 pacifice
688 1729 880 1826 permisso,
899 1728 1076 1824 quosdam
1100 1730 1162 1826 qui
1187 1730 1362 1828 primores
1386 1731 1422 1802 in

368 1843 459 1939 regis
473 1843 606 1940 palatio
622 1842 773 1929 lucrant,
785 1843 886 1939 quasi
903 1842 1115 1940 proditionis
1128 1867 1222 1936 reos,
1238 1847 1345 1918 etiarn
1358 1846 1424 1944 ipsi

366 1955 508 2054 publice
520 1956 636 2054 capite
651 1968 874 2052 truncarunt.
894 1960 977 2044 Quo
994 1955 1045 2028 sic
1060 1973 1218 2054 peracto,
1238 1944 1425 2056 quasi'sut.

365 2068 525 2141 sicienter
540 2071 576 2141 in
595 2067 807 2167 proditionis
830 2084 995 2143 auctores
1018 2095 1087 2169 pro
1105 2095 1148 2146 ea
1166 2073 1242 2146 vioe
1261 2073 1323 2146 ulti
1341 2073 1426 2146 luis-

365 2198 462 2271 sent,
482 2182 647 2256 abierunt
663 2185 908 2284 unusquisque
923 2183 971 2257 ad
986 2185 1145 2283 propria.

721 2451 1063 2523 caenomani.
1136 2515 1141 2538 ,,

453 2641 627 2715 ΟπιΙὴσμτ
636 2639 731 2694 ducem
740 2640 854 2694 Elissaei
862 2639 1016 2694 interiectus
1027 2639 1077 2694 luit
1090 2639 1147 2694 dux
1159 2638 1338 2696 διιιιιωπιοιί.

415 2816 487 2884 Nec
506 2837 592 2884 vero
613 2827 762 2912 propter
782 2773 856 2884 boc
873 2813 966 2885 inter
985 2812 1165 2912 principes
1183 2811 1426 2885 'dissensiones

366 2942 402 3000 et
414 2928 611 3000 simultates
623 2929 802 3000 exstinctae
814 2941 910 3020 sunt,
924 2926 988 2999 sed
1003 2928 1040 2999 in
1057 2926 1116 3000 die
1131 2926 1243 3025 magis
1260 2951 1302 3000 ac
1315 2927 1426 3026 magis

366 3043 649 3134 invalescebant,
674 3043 853 3142 praecipue
871 3043 964 3114 inter
985 3042 1115 3115 ducem
1132 3041 1284 3115 Eboraci
1305 3057 1341 3115 et
1360 3041 1426 3115 du-

367 3183 446 3229 cem
472 3157 724 3246 summerseti,
752 3157 814 3254 qui
840 3156 1060 3227 Normannia
1083 3155 1206 3255 pulsus
1232 3155 1365 3240 iuerat,
1391 3168 1426 3228 et

369 3273 551 3368 utriusque
568 3271 722 3370 partium
737 3268 930 3342 studiosos.
949 3268 1116 3341 Manebat
1131 3271 1227 3341 enim
1241 3267 1322 3340 duci
1336 3267 1428 3342 Ebu

368 3387 440 3461 raci
464 3385 533 3459 alta
554 3398 674 3456 mente
699 3397 904 3484 repostum,
929 3383 1029 3480 quod
1049 3382 1115 3454 sibi
1137 3385 1212 3482 ipse
1235 3381 1306 3455 dux
1325 3385 1426 3455 Sum·

367 3500 509 3574 merseti
528 3498 721 3597 regentiam
745 3499 971 3570 Normanniae
990 3497 1248 3597 praeripuisset,
1272 3511 1307 3570 et
1330 3499 1427 3570 velut

367 3613 640 3714 quodammodo
654 3637 674 3684 e
688 3610 853 3684 manibus
870 3611 1100 3700 excussisset,
1118 3635 1203 3683 curn
1218 3610 1263 3683 ad
1281 3635 1360 3684 eam
1377 3637 1427 3684 re·

368 3729 522 3828 gendam
544 3728 666 3800 suisset
681 3751 724 3800 ex
747 3725 892 3798 decreto
909 3727 1121 3825 parlamenti
1139 3727 1319 3828 Anglicani
1337 3715 1425 3799 ¹des·

367 3847 512 3920 tinatus.
540 3843 673 3915 Sedet
698 3841 805 3914 altius
830 3839 964 3939 aliquid
988 3854 1023 3912 ct
1049 3839 1154 3938 longe
1183 3840 1297 3938 majus
1317 3841 1426 3940 ipsius

369 3959 470 4033 ducis
492 3957 643 4033 Eboraci
665 3957 787 4029 animo
804 3953 953 4026 infixum
977 3969 1064 4027 erat.
1085 3959 1174 4027 Nam
1191 3954 1237 4027 ad
1253 3977 1425 4028 coronam

369 4087 405 4146 et
426 4073 591 4147 diadema
619 4071 719 4170 regni
744 4067 956 4159 anhelabat,
982 4068 1079 4167 quod
1113 4091 1179 4142 suo
1205 4069 1425 4168 progenitori

371 4187 548 4262 Richardo
574 4189 717 4284 suisque
740 4199 776 4258 et
796 4185 865 4258 sibi
889 4185 1011 4282 inique
1038 4184 1219 4258 sublatum
1236 4183 1341 4259 luisse
1359 4212 1425 4285 pu-

370 4302 467 4376 tabat
482 4329 546 4402 per
560 4304 778 4401 ‚uenarum
797 4299 927 4372 ducem
949 4301 1179 4390 Lencastriae,
1204 4301 1265 4399 qui
1288 4301 1424 4374 dictum

370 4416 589 4491 liiclrardum
610 4441 730 4514 regem
753 4413 967 4488 exstinxerat
989 4428 1098 4514 atque
1120 4429 1331 4512 peremerat.
1361 4419 1425 4489 Pa·

411 4616 440 4674 a.
464 4609 692 4686 trauersae.
