3892 5892
530 880 568 937 36
816 874 1074 935 mstonlanuu
1091 874 1229 933 esnou
1247 876 1301 932 vll

498 1048 501 1055 -
528 1001 754 1075 conditiones
774 998 821 1071 ab
836 1000 1034 1097 Anglorum
1050 1024 1132 1097 rege
1144 1000 1342 1097 accepisse,
1365 1011 1400 1070 et
1413 1000 1586 1071 maximas

529 1117 758 1207 calamitates,
772 1139 863 1213 quas
875 1140 980 1214 passa
989 1114 1067 1203 tuit,
1082 1115 1242 1186 evitasse.
1390 1203 1394 1211 Ι

578 1233 688 1329 Igitur
710 1231 757 1304 ad
781 1230 966 1321 ultimum,
994 1253 1118 1301 mense
1139 1227 1337 1301 obsidionis
1360 1243 1476 1318 sexto,
1504 1254 1587 1302 cum

528 1346 599 1420 loci
630 1346 756 1419 incolae
780 1344 982 1441 angustias,
1009 1341 1140 1440 quibus
1166 1340 1414 1415 miserabiliter
1445 1368 1588 1442 preme-
1711 1438 1717 1449 ι

527 1461 673 1556 bantur,
693 1460 784 1533 ultra
799 1459 890 1533 serre
914 1482 988 1529 non
1012 1471 1178 1556 possent3
1201 1457 1362 1555 quotidie
1385 1483 1588 1531 excrescere

528 1580 679 1649 nimium
692 1590 727 1649 et
741 1575 876 1671 augeri,
893 1573 985 1647 same
1000 1588 1035 1645 et
1051 1574 1158 1646 variis
1173 1572 1388 1647 morborum
1403 1574 1587 1671 languori-

527 1690 607 1781 bus,
626 1689 869 1765 deficientium
885 1701 921 1761 et
938 1687 1169 1761 morientium
1187 1713 1379 1762 numerum
1399 1689 1587 1788 inspicien-

528 1822 599 1897 tes,
622 1805 720 1877 bisce
736 1805 839 1877 malis
859 1828 921 1877 eos
934 1802 1226 1901 perurgentibus,
1245 1804 1291 1878 de
1306 1804 1491 1880 deditione
1506 1829 1586 1877 ver·

528 1923 619 1995 bum
641 1922 814 1994 lecerunt.
843 1924 960 2009 Quam
984 1944 1061 1991 uon
1077 1944 1145 1992 suo
1167 1920 1315 2017 quidem
1332 1919 1497 2014 arbitrio,
1523 1920 1587 1993 sed

528 2038 672 2113 victoris
686 2035 823 2136 legibus
836 2036 1045 2128 effecerunt,
1064 2037 1127 2133 qui
1142 2037 1260 2134 primo
1277 2051 1319 2108 ut
1340 2062 1379 2110 se
1395 2037 1442 2110 ad
1458 2037 1586 2110 volun·

529 2168 637 2227 tatem
659 2177 761 2227 suam
791 2151 963 2225 dederent
984 2151 1211 2249 requisivit¹3
1237 2153 1301 2226 sed
1328 2154 1589 2227 interventione

529 2268 631 2343 ducis
655 2269 840 2343 Clarentiae
871 2281 906 2341 et
928 2268 1081 2341 aliorum
1103 2267 1362 2341 nonnullorum
1384 2270 1588 2370 principum

530 2388 585 2459 sui
604 2386 798 2485 sanguinis,
818 2386 940 2475 flexus,
959 2384 1077 2458 salvos
1091 2385 1186 2458 cives
1201 2399 1237 2457 et
1254 2386 1289 2456 in
1306 2384 1412 2458 bonis
1427 2388 1500 2459 suis
1513 2411 1588 2460 ma·

530 2528 616 2579 uere
639 2504 815 2576 concessit
837 2502 1047 2602 (perpaucis
1070 2501 1116 2574 ad
1143 2525 1245 2574 suam
1264 2501 1393 2574 relictis
1422 2501 1589 2575 volunta·

530 2620 647 2717 tem’),
668 2619 855 2692 mulctatos
873 2633 992 2690 tamen
1007 2618 1106 2714 gravi
1122 2618 1200 2688 auri
1216 2616 1398 2715 pondere,
1417 2617 1518 2715 quod
1540 2616 1588 2690 ad

531 2734 686 2807 ducenta
709 2733 818 2805 millia
837 2746 1021 2803 scutorum
1045 2744 1207 2805 veterum
1227 2744 1264 2803 et
1289 2731 1442 2831 amplius
1468 2756 1591 2805 ascen·

531 2849 842 2939 deredicebatur.⁸;
856 2862 984 2947 praeter
994 2846 1144 2920 donaria
1155 2847 1362 2939 honoraria,
1374 2848 1589 2947 quibusnon

530 2990 643 3066 parvo
655 2964 883 3055 aestimandis,
902 2964 1187 3035 interventorum
1201 2989 1269 3062 pro
1285 2989 1324 3037 se
1336 2979 1444 3063 atque
1459 2965 1591 3039 media·

531 3098 651 3155 torum
669 3082 827 3153 savorem
848 3096 885 3154 et
906 3080 1054 3176 gratiam
1077 3080 1263 3153 conciliari
1286 3082 1338 3154 eis
1353 3106 1497 3155 necesse
1514 3082 1589 3154 lue·

532 3211 603 3291 rat,
622 3198 673 3271 uti
687 3198 724 3268 in
736 3195 843 3270 rebus
857 3195 987 3269 talibus
999 3220 1092 3295 saepe
1106 3194 1183 3269 lieri
1200 3197 1343 3270 assolet.

573 3424 603 3481 l.
626 3422 716 3480 tato
726 3420 842 3495 janvier
855 3423 943 3481 tcta.
1003 3410 1006 3431 '

575 3511 603 3567 Ξ.
626 3508 708 3569 Trois
727 3511 887 3571 seulement
900 3534 907 3571 z
920 3508 1031 3569 Robert
1045 3508 1082 3568 de
1102 3509 1197 3583 Livet,
1212 3509 1319 3569 vicaire
1333 3509 1449 3591 general
1465 3508 1503 3569 de
1518 3509 1590 3569 l'ar-

534 3598 702 3677 thereme,
719 3605 791 3659 Jeau
803 3598 963 3672 Jourdain,
983 3598 1052 3658 chel
1067 3598 1103 3657 de
1114 3598 1282 3670 l’artillerie,
1297 3612 1326 3658 et
1333 3590 1424 3657 ¹Alain
1439 3598 1591 3659 Blanchart

540 3714 554 3741 ι
563 3688 613 3765 qui
622 3689 707 3747 estoit
715 3689 856 3767 capimine
865 3688 905 3747 du
914 3706 1154 3747 menuoommun.
1167 3714 1181 3741 ι
1190 3687 1365 3763 Mousti-etet,
1378 3687 1434 3761 ll,
1448 3687 1495 3745 ch.
1512 3706 1588 3745 cmx.

578 3780 608 3837 3.
627 3802 640 3829 ι
661 3776 743 3835 Trois
760 3791 827 3835 cent
848 3776 1076 3855 soixante-cinq
1095 3776 1174 3837 mille
1200 3796 1282 3837 escus
1300 3776 1364 3836 d'or
1387 3775 1427 3836 du
1448 3774 1535 3855 ooing
1554 3774 1591 3835 de

538 3868 660 3938 Franco,
681 3890 695 3917 s
711 3865 792 3924 selon
806 3864 985 3939 monstrelet,
1000 3864 1051 3925 liv.
1067 3870 1093 3939 1,
1104 3866 1153 3927 eb.
1164 3887 1242 3926 ccrx.
