3892 5892
551 946 609 1002 m
832 932 1085 993 fllsuotutnuu
1104 932 1239 991 CAROH
1258 934 1311 988 vn

550 1064 671 1165 patrie
687 1076 914 1161 recepturos,
933 1083 1042 1157 opem
1058 1056 1250 1132 serentibus
1266 1057 1426 1155 patriotis
1438 1056 1603 1131 locorum

551 1177 676 1252 incolis
702 1176 855 1274 quinon
873 1170 1078 1244 dissimilem
1094 1169 1260 1245 allectum
1285 1170 1333 1245 ad
1353 1169 1484 1267 anglos
1498 1197 1600 1268 gere·

550 1295 658 1383 bant,
684 1306 721 1363 et
744 1302 1004 1385 consequenter
1023 1285 1069 1360 ad
1087 1284 1351 1382 Rothomagum
1373 1287 1600 1385 metropolim

549 1406 741 1499 accedere,
769 1405 947 1503 petierunt
968 1403 1126 1499 primum
1146 1400 1329 1475 castellum
1348 1402 1450 1499 quod
1475 1401 1603 1477 Caleti·

549 1526 698 1612 becum,
713 1519 821 1616 vulgo
837 1516 1036 1607 caudebec,
1055 1530 1300 1616 nuncupatum
1310 1531 1378 1595 est.
1393 1517 1503 1605 Quod
1517 1542 1601 1591 mam

550 1628 767 1713 introiissent
783 1632 1032 1731 quadringenti
1048 1634 1103 1707 vel
1121 1632 1305 1730 quingenti
1320 1632 1456 1729 equites
1470 1632 1601 1727 buglo-

533 1777 630 1847 ,rum
644 1750 692 1823 ad
715 1751 835 1821 locum
859 1747 1096 1821 muniendum
1112 1763 1147 1820 et
1165 1746 1452 1837 defendendum,
1473 1761 1510 1821 et
1525 1772 1601 1823 sese

551 1863 742 1939 multitudo
758 1861 852 1935 illius
866 1862 992 1961 populi
1006 1862 1174 1959 egressie¹
1190 1886 1302 1961 prope
1318 1877 1461 1960 portam
1475 1876 1510 1938 ct
1527 1864 1602 1936 val-

549 1984 625 2056 lmu
633 1979 834 2052 inconsulte
841 2002 882 2053 ac
890 1993 1022 2051 temere
1033 1978 1110 2051 sine
1120 1977 1250 2054 ordine
1260 1977 1454 2067 effudisset,
1466 1979 1602 2051 irruen-

550 2112 601 2171 tes
614 2098 651 2169 in
667 2119 729 2167 eos
743 2092 941 2190 Anglorum
956 2091 1098 2165 ducenti
1117 2092 1172 2165 vel
1188 2094 1338 2165 trecenti
1353 2094 1507 2191 equites,
1525 2118 1602 2167 ma·

549 2236 655 2310 gnam
671 2224 822 2305 stragem
840 2208 887 2281 de
902 2210 988 2309 ipsis
1003 2208 1175 2281 lecerunt.
1195 2212 1304 2283 Erant
1319 2211 1416 2285 enirn
1432 2232 1601 2306 agrorum

548 2325 703 2403 cultores
727 2324 907 2423 pedestres
932 2348 1047 2424 prope
1074 2324 1248 2412 inermes,
1278 2325 1342 2421 qui
1369 2323 1415 2397 de
1436 2324 1514 2397 sola
1536 2349 1601 2399 sna

547 2466 649 2543 paene
664 2442 894 2513 innumerosa
910 2438 1140 2513 multitudine
1159 2438 1339 2514 confidere
1363 2438 1598 2514 videbantur:

547 2556 644 2633 unde
660 2556 762 2635 facile
778 2555 843 2629 suit
857 2554 1035 2652 equitibus
1049 2556 1192 2628 ermetis
1216 2579 1279 2627 eos
1293 2554 1497 2655 opprimere
1510 2570 1547 2631 et
1561 2556 1600 2629 in

546 2672 665 2770 fugam
682 2674 844 2745 verteret

595 2786 750 2860 Audiens
771 2800 890 2859 autern
915 2784 1132 2877 multitudo,
1150 2810 1230 2881 qua
1252 2810 1295 2859 ex
1319 2786 1497 2884 omnibus,
1511 2787 1602 2884 agria

546 2902 667 3000 patrioe
683 2900 832 2973 collecta
846 2914 881 2971 et
896 2924 998 2997 paene
1012 2899 1281 2975 innumerabilis
1299 2901 1491 2991 serebatur,
1509 2926 1603 2999 qno-

546 3017 657 3091 modo
687 3018 749 3113 qui
781 3030 1033 3115 precesserant
1060 3014 1106 3089 de
1130 3018 1204 3091 stus
1227 3017 1475 3111 caedebantur,
1505 3032 1603 3114 terga

544 3146 738 3205 verterunt.
755 3134 856 3220 Quos
869 3132 1048 3233 prosecuti
1063 3130 1443 3228 auntsnglicaedendo
1460 3146 1496 3209 et
1508 3133 1603 3231 peri·

545 3246 679 3320 mendo
693 3248 828 3345 absque
843 3248 912 3321 ulla
927 3248 1167 3323 miseratione.
1181 3250 1367 3323 Duxerunt
1378 3249 1487 3321 etiam
1499 3248 1601 3325 vivos

544 3364 746 3463 complures
769 3364 815 3437 nd
841 3365 1040 3464 oppidum,
1060 3388 1152 3463 quos
1170 3363 1227 3437 vel
1248 3389 1314 3462 per
1329 3364 1462 3464 plateas
1476 3389 1599 3441 coram

544 3478 680 3553 civibus
693 3480 762 3553 loci
773 3480 985 3578 jugulabant
998 3494 1035 3552 et
1050 3478 1316 3581 discerpebant,
1330 3481 1386 3553 vel
1400 3480 1449 3553 ad
1464 3480 1599 3557 flumen

544 3596 716 3691 Sequana
725 3594 795 3667 illic
806 3596 989 3695 profluens
1000 3596 1183 3687 ducentes,
1194 3595 1231 3667 in
1246 3595 1347 3694 aquis
1360 3596 1596 3673 suffocabant.

592 3707 806 3806 Hujusmodi
821 3724 941 3783 autem
957 3707 1059 3781 clade
1074 3723 1239 3807 accepta,
1254 3735 1338 3783 cum
1356 3710 1432 3806 Jam
1447 3711 1515 3785 alia
1530 3735 1599 3810 op·

544 3820 628 3921 pida
640 3822 699 3899 vet
715 3822 858 3901 castella
877 3822 1063 3919 inquibus
1084 3824 1280 3920 anglorum
1299 3824 1460 3924 presidia
1482 3824 1600 3901 locata

545 3962 621 4013 esse
647 3936 827 4031 sciebant,
857 3937 1002 4034 aggredi
1036 3938 1187 4015 minime
1215 3937 1413 4029 auderent,
1448 3938 1599 4040 sparsim

546 4053 787 4151 unnsquisque
810 4050 857 4123 ad
882 4050 1022 4124 diversa
1042 4052 1188 4125 latibula
1205 4056 1260 4127 vel
1285 4080 1366 4127 snas
1390 4055 1519 4131 domos
1534 4056 1600 4131 ab·

546 4182 689 4256 euntes,
721 4166 878 4266 dissipati
905 4181 1010 4255 sunt,
1043 4191 1109 4242 nec
1141 4167 1236 4243 ultra
1263 4171 1300 4249 io
1331 4194 1445 4246 unum
1471 4196 1599 4267 agmen

546 4284 671 4355 coacti.
687 4281 893 4356 Miserabilis
905 4296 1026 4355 autem
1039 4306 1081 4355 ac
1093 4282 1328 4357 lamentabilis
1343 4288 1462 4359 statim
1481 4312 1502 4359 e
1524 4311 1600 4359 res

586 4473 616 4533 l.
639 4475 767 4548 Agressr's
779 4471 851 4530 dans
864 4469 891 4530 le
907 4469 1074 4535 manuscrit.

587 4558 617 4617 Ξ.
643 4584 656 4609 ι
671 4561 743 4616 Tant
755 4559 840 4621 finnt
852 4556 994 4622 Cauchoia
1006 4563 1095 4639 qu’en
1112 4558 1158 4624 aix
1171 4558 1311 4624 moines
1324 4571 1427 4623 cureat
1439 4560 1519 4641 ptius
1531 4571 1599 4623 tou·

547 4660 589 4707 tes
602 4645 644 4707 les
658 4646 823 4709 forteresse
832 4647 868 4708 de
882 4651 973 4723 Crux,
989 4649 1104 4710 reterre
1115 4649 1275 4712 Caudebec.
1290 4654 1327 4717 Et
1340 4670 1452 4716 comme
1465 4650 1599 4729 erupis
