3892 5892
764 975 872 1038 tmen
893 975 1062 1051 QUINTUS.
1380 977 1438 1036 299

385 1122 428 1172 ac
445 1096 673 1174 decantatum
690 1101 819 1192 luerat,
842 1103 940 1199 quod
960 1101 1182 1188 Eduardum,
1203 1099 1315 1173 lilium
1332 1126 1437 1173 suum

385 1215 626 1313 impuberem,
647 1243 722 1290 non
736 1242 780 1290 ex
792 1219 919 1290 marito
933 1241 999 1290 suo
1017 1217 1182 1302 Henrieo,
1201 1215 1263 1288 sed
1282 1241 1324 1288 ex
1336 1216 1436 1288 adul·

385 1332 472 1403 terio
486 1334 720 1431 suscepisset¹.
736 1339 823 1423 Quae
832 1333 1062 1425 contumelia,
1074 1333 1143 1404 alta
1153 1345 1270 1404 mente
1281 1346 1433 1430 reposta,

383 1445 421 1517 in
455 1447 579 1520 odium
613 1445 879 1521 acerbissimum
910 1449 956 1520 ad
991 1448 1157 1521 eumdem
1192 1447 1358 1520 conritem
1391 1449 1436 1520 de

385 1564 554 1634 Worve'clz
575 1579 610 1636 et
632 1589 775 1637 suarum
803 1563 956 1637 lautores
981 1563 1135 1663 partium
1160 1563 1322 1636 eamdem
1350 1565 1437 1660 regi·

384 1702 467 1750 nam
487 1679 781 1754 inflammaverat.
806 1682 1003 1754 Contractis
1019 1681 1125 1778 igitur
1147 1678 1303 1777 undique
1324 1681 1437 1778 copiis

381 1819 447 1890 per
465 1795 600 1869 dictum
618 1795 799 1892 juniorem
824 1796 993 1868 comitem
1014 1794 1060 1867 de
1084 1795 1268 1888 Warviclt,
1287 1797 1349 1892 qui
1366 1796 1437 1868 cal·

381 1909 474 1983 lidus
489 1910 687 1984 admodum
708 1925 744 1984 et
761 1911 928 1984 factiosus
948 1925 1043 1998 erat,
1063 1911 1194 1984 auxilio
1211 1910 1438 1984 londonien·

380 2027 473 2097 sium
495 2027 671 2098 maximus
696 2041 733 2098 et
757 2025 996 2099 validissimus
1019 2026 1192 2098 exercitus
1216 2051 1259 2098 ex
1284 2027 1436 2126 popula·

381 2139 480 2212 ribus
492 2142 675 2240 potissime
686 2141 855 2216 collectus
868 2155 933 2214 est.
949 2140 1236 2238 suggestionibus
1250 2144 1384 2242 quippe
1401 2157 1436 2216 et

381 2256 606 2330 suasionibus
637 2260 708 2330 suis
736 2259 932 2332 maximum
970 2257 1065 2330 idem
1094 2281 1216 2330 comes
1244 2259 1342 2356 apud
1373 2281 1436 2330 eos

380 2371 556 2443 creditum
579 2373 748 2448 habebat.
769 2377 822 2444 Eo
847 2373 955 2468 igitur
976 2385 1142 2461 auctore,
1169 2372 1436 2446 londonienses

380 2487 501 2585 eisque
539 2488 699 2564 loederati
738 2489 970 2580 Edoardum,
1006 2487 1286 2586 primogenitum
1321 2485 1435 2562 filium

379 2602 481 2676 ducis
505 2604 681 2697 Eboraci,
714 2629 824 2703 quem
848 2628 977 2676 caum
1004 2603 1110 2676 luisse
1131 2603 1431 2692 memoravimus,

379 2719 622 2810 accersientes,
637 2721 673 2791 in
685 2745 804 2816 regem
820 2743 927 2790 snum
946 2719 1073 2814 angliae
1088 2743 1170 2790 eum
1184 2715 1432 2792 sublimarunt.

379 2837 462 2920 Quo
479 2835 585 2923 lacto,
606 2836 776 2908 audacter
796 2852 831 2908 et
851 2835 1015 2908 animose
1036 2834 1081 2908 ad
1104 2832 1357 2907 debellandum
1377 2859 1435 2907 re·

379 2974 458 3043 gem
479 2952 693 3042 Henricom,
710 2952 874 3048 quicum
891 2951 1013 3049 regina
1030 2963 1066 3021 et
1082 2975 1148 3023 suo
1169 2949 1324 3022 exercitu
1341 2951 1435 3024 eirca

378 3049 580 3138 Eboracum
597 3092 634 3140 se
650 3067 866 3156 contulerat,
884 3067 1035 3165 proiecti
1052 3083 1154 3158 sunt,
1172 3091 1255 3140 cum
1272 3091 1346 3164 quo
1363 3093 1437 3140 cer-

320 3223 327 3236 ·
379 3193 497 3252 tamen
523 3182 710 3268 incuntes,
733 3181 880 3252 absente
904 3194 1023 3254 tamen
1049 3183 1223 3274 llenrico,
1254 3184 1316 3279 qui
1342 3183 1435 3256 intra

378 3296 510 3368 moenia
543 3296 693 3368 civitatis
726 3296 959 3368 Eboraoeusis
988 3319 1065 3366 sese
1094 3295 1323 3385 continebat,
1350 3323 1435 3369 cum

378 3410 545 3508 utrinque
564 3434 691 3507 magna
710 3411 743 3481 vi
759 3425 796 3481 et
810 3408 979 3482 atrociter
999 3423 1197 3508 pugnaturn
1221 3425 1332 3502 esset,
1353 3435 1435 3508 par·

377 3524 472 3598 tibus
492 3526 577 3599 dicti
593 3526 750 3598 Eduardi
766 3527 907 3598 noviter
926 3526 963 3597 in
981 3550 1131 3622 regnum
1154 3528 1266 3598 evecti
1287 3527 1435 3598 victoria

376 3643 501 3724 cessit,
533 3643 630 3716 cesis
661 3643 815 3740 fusisque
850 3642 1103 3714 lleuricia'nls'.
1136 3647 1230 3714 lnter
1260 3641 1436 3740 plurimos

375 3772 496 3831 autern
522 3759 584 3856 qui
609 3785 654 3830 eo
680 3759 800 3858 praelio
823 3757 1048 3849 ceciderunt,
1075 3757 1205 3830 cecidit
1226 3757 1327 3830 miles
1344 3771 1433 3830 stre·

376 3875 567 3947 unissimus
582 3888 618 3947 et
635 3874 845 3947 fortissimus
867 3874 1024 3946 Andreas
1041 3873 1208 3972 Trolop⁸,
1226 3873 1289 3970 qui
1307 3871 1370 3944 diu
1396 3873 1433 3944 iu

375 3992 510 4088 guerris
527 3990 681 4064 Franciae
702 4015 769 4088 pro
783 4013 866 4084 rege
880 4015 948 4062 suo
969 3989 1123 4060 ilenrico
1138 3987 1318 4078 militarat;
1331 3987 1435 4084 cnjus

378 4107 530 4177 maxime
547 4106 737 4193 industria,
755 4105 908 4178 consilio
929 4129 971 4178 ac
994 4103 1150 4194 viribus,
1169 4103 1313 4176 dnobus
1334 4103 1434 4202 prio·

377 4219 474 4292 ribus
489 4221 617 4318 preliis
631 4222 804 4293 ilenricus
818 4245 880 4292 rer
896 4221 1011 4292 victor
1026 4233 1194 4293 evaserat.

417 4375 445 4433 l.
471 4396 484 4422 α
501 4372 709 4452 Margriete‚...
727 4391 785 4450 que
798 4391 832 4432 ce
845 4385 938 4430 comte
956 4372 1119 4445 (Warwiclr)
1133 4371 1211 4432 avoit
1229 4371 1279 4430 lait
1296 4371 1434 4452 presclrer

375 4458 525 4531 ribaulde,
539 4461 685 4521 ruanvaise
698 4461 781 4532 lisso,
798 4474 827 4520 et
837 4479 890 4520 son
903 4461 948 4520 fils
959 4461 1102 4522 avonlche
1115 4475 1144 4522 et
1157 4479 1216 4520 non
1230 4461 1274 4522 lils
1287 4461 1324 4523 de
1337 4483 1400 4544 roy.
1416 4489 1430 4518 ι

375 4549 562 4620 Chastellain,
578 4562 623 4608 ru·
637 4552 749 4628 partie,
765 4549 812 4608 cb.
827 4571 903 4612 cerr.

415 4641 445 4696 2.
468 4637 586 4696 Bataille
602 4637 639 4696 de
651 4641 788 4708 Tanton,
803 4641 842 4696 tt
856 4657 932 4698 mars
944 4641 1033 4698 tttt.

416 4735 445 4790 3.
468 4728 513 4788 Sir
527 4726 653 4787 Andreas
664 4727 792 4806 Trollop.
