3892 5892
747 908 857 967 mnu
877 905 1080 969 SECUNDUS.
1407 908 1446 967 83

388 1033 532 1133 luisset,
551 1058 619 1107 nec
640 1034 760 1105 minus
784 1046 933 1133 propter
949 1030 1022 1103 hoc
1047 1054 1069 1104 a
1093 1028 1225 1103 duritia
1243 1047 1280 1105 et
1310 1035 1448 1133 asperi·

390 1162 461 1223 tate
483 1152 635 1224 carceris
651 1152 842 1243 laxaretur,
860 1148 1000 1247 aliquot
1019 1162 1101 1247 post
1126 1147 1285 1222 decursis
1300 1150 1445 1244 diebus,

387 1265 570 1365 vulgatum
591 1268 724 1341 exstitit
739 1290 820 1339 eam
842 1265 971 1337 dixisse
987 1289 1026 1337 se
1041 1278 1232 1365 propterea
1247 1267 1354 1341 fnisse
1366 1292 1449 1341 cor-

385 1398 525 1483 reptam
543 1384 644 1480 quod
662 1366 870 1479 hujusmodi
891 1380 1136 1481 apparitiones
1156 1394 1192 1453 et
1213 1382 1449 1457 revelationes

384 1524 423 1573 ec
434 1498 646 1597 abnegasset
656 1496 843 1589 habuisse,
857 1497 1051 1596 denuoque
1064 1484 1211 1572 Sanctus
1221 1501 1367 1575 easdem
1379 1500 1448 1575 sibi

386 1616 423 1689 in
441 1636 583 1689 carcere
607 1614 830 1716 apparuisse,
851 1638 931 1711 quae
950 1613 997 1686 de
1012 1612 1085 1687 hoc
1100 1616 1216 1715 ipsam
1240 1616 1318 1690 dire
1333 1619 1450 1691 incre·

385 1746 525 1829 parant.

727 2034 856 2106 CAPIT
858 2034 986 2105 ULUM
1009 2036 1102 2107 xvt.

452 2237 650 2295 condemnatio
663 2239 794 2293 Jolranme
806 2240 919 2306 Puella,
934 2258 994 2311 qna
1007 2238 1068 2311 igue
1080 2250 1194 2294 cremata
1204 2240 1301 2296 exstitit
1312 2240 1385 2315 apud

811 2328 1020 2400 liothomsgurn.

315 2604 319 2613 Ι
435 2512 558 2599 Quum
573 2522 694 2581 autern
710 2508 756 2581 ad
768 2508 908 2606 judices
931 2534 971 2583 ea
989 2532 1046 2581 res
1062 2508 1198 2608 perlata
1219 2507 1360 2604 suisset,
1376 2512 1453 2611 ipsa

386 2627 516 2699 iterum
532 2624 580 2701 ad
593 2624 769 2722 judicium
786 2626 930 2726 publice
946 2624 1123 2717 exhibita,
1141 2638 1314 2720 tanquam
1332 2629 1370 2699 in
1389 2628 1453 2701 ab·

382 2742 539 2841 juratam
565 2742 726 2831 haeresim
748 2742 906 2843 relapsa,
925 2743 1086 2841 judicata
1112 2743 1245 2815 exstitit
1264 2758 1301 2815 et
1331 2744 1454 2819 relicta

385 2872 425 2933 ut
442 2858 520 2933 talis
546 2858 697 2933 brachio
719 2860 895 2933 saecularis
919 2860 1117 2959 potestatis.
1141 2861 1260 2947 Quam
1284 2858 1380 2933 illico
1395 2886 1452 2935 ra·

386 2978 523 3079 pientes
541 2992 766 3051 exsecutores
788 2992 935 3075 totaque
952 2977 1149 3075 duplorum
1171 3000 1316 3070 manus,
1336 2979 1452 3076 quiin

253 3098 260 3113 '
385 3120 517 3192 magno
534 3118 689 3169 nurnero
708 3120 793 3168 curn
806 3120 889 3193 rege
905 3118 973 3169 suo
991 3095 1147 3167 Henrioo
1162 3108 1240 3165 turn
1262 3110 1365 3167 eraut
1381 3098 1452 3167 lto·

386 3210 565 3309 tltomagi,
585 3225 768 3311 spectante
784 3213 976 3283 innumera
998 3235 1100 3309 paene
1121 3210 1344 3308 populorum
1363 3210 1453 3282 mul·

386 3327 537 3402 titudine
558 3343 631 3401 tam
648 3328 694 3401 de
715 3328 857 3401 civitate
874 3328 950 3426 ipsa
968 3324 1141 3423 quamde
1162 3325 1256 3419 agris
1273 3340 1310 3397 et
1326 3326 1452 3402 vicinis

385 3444 528 3545 oppidis
545 3445 654 3540 (nam
671 3444 816 3544 plurimi
833 3441 987 3519 velutad
1005 3439 1249 3539 spectaculum
1265 3438 1451 3540 publicum

384 3576 577 3663 propterea
609 3561 656 3635 nd
686 3561 852 3635 eamdem
882 3558 1012 3634 urbem
1042 3559 1336 3655 confluxerant),
1373 3562 1452 3658 ipsa

384 3678 567 3769 Johauna,
586 3680 703 3749 Deum
720 3700 862 3776 semper
877 3677 1052 3749 invocans
1067 3671 1311 3747 auxiliatorem
1328 3673 1451 3773 etglo-

385 3794 518 3867 riosam
540 3792 688 3865 Domini
714 3792 827 3865 nostri
852 3794 935 3864 lesu
961 3790 1092 3863 Christi
1116 3790 1344 3888 genitricem,
1368 3791 1451 3887 igne

386 3924 603 4011 consumpta
618 3908 749 3981 exstitit
760 3912 782 3978 ¹.

433 4024 581 4099 Collecti
606 4024 715 4099 etiam
740 4024 887 4097 suerunt
901 4022 1061 4107 universi
1079 4021 1237 4111 cineres,
1262 4046 1355 4119 quos
1378 4020 1451 4095 illic

385 4140 476 4237 iguis
498 4154 570 4213 tam
591 4138 637 4213 de
657 4139 762 4237 lignis
784 4164 895 4238 quam
911 4136 957 4210 de
973 4139 1059 4236 ipsis
1079 4161 1233 4236 corpore
1253 4152 1290 4209 et
1312 4136 1452 4209 ossibus

384 4254 594 4353 reliquerat,
612 4270 649 4329 et
659 4254 707 4331 de
718 4269 830 4357 ponte
840 4256 879 4327 iu
895 4255 1099 4351 Sequanam
1115 4251 1282 4351 projecti,
1300 4250 1450 4350 nequid

384 4370 616 4471 reliquiarum
625 4372 792 4469 'ejusdem
806 4372 926 4470 aliqua
937 4370 1056 4443 forsan
1066 4382 1188 4469 posset
1198 4366 1451 4467 superstitione

426 4648 455 4703 l.
476 4644 517 4701 Le
531 4642 569 4700 30
584 4638 741 4709 mailldl,
