3892 5892
769 910 880 972 um
902 910 1069 973 TERTIUS.
1391 919 1449 978 ld‘l

386 1035 483 1109 cacia
498 1049 608 1135 etque
625 1034 725 1111 irrita
739 1032 860 1131 potius
877 1030 1107 1109 ducerentur.
1127 1032 1199 1110 Sed
1219 1058 1289 1111 nec
1309 1036 1348 1109 in
1364 1038 1450 1139 ipsis

387 1150 524 1225 ordinis
538 1166 575 1226 et
586 1148 841 1249 dispositionis,
856 1171 923 1221 nec
942 1172 1096 1223 annonae
1109 1172 1177 1223 nec
1193 1174 1314 1225 rerum
1325 1176 1449 1227 neces

386 1269 559 1343 seriarum
575 1269 623 1343 ad
638 1264 893 1367 expugnandas
909 1263 1018 1339 urbes
1032 1280 1094 1339 aut
1110 1266 1259 1367 oppida,
1273 1266 1451 1344 ullaratio

386 1399 448 1460 aut
477 1383 704 1483 providentia
723 1378 938 1456 habebatur.
959 1380 1064 1455 Unde
1074 1383 1206 1481 paucis
1222 1381 1350 1457 diebus
1364 1410 1450 1459 cum

385 1499 457 1573 illic
469 1502 659 1593 stetissent,
673 1499 816 1597 frigore,
830 1499 924 1572 lamo
941 1522 983 1571 ac
996 1498 1157 1574 nuditate
1171 1501 1338 1593 conlecti,
1356 1504 1450 1576 mul·

386 1618 430 1691 tis
451 1640 578 1693 eorum
593 1638 703 1715 parva
720 1614 919 1713 Anglorum
935 1638 1047 1687 manu
1062 1614 1161 1689 casis
1176 1629 1214 1689 et
1228 1614 1447 1709 dilaceratis,

386 1747 495 1809 noctu
519 1732 620 1807 abire
639 1745 675 1807 et
692 1754 979 1830 quaquaversum
995 1727 1099 1803 lundi
1111 1745 1148 1805 et
1158 1727 1318 1831 disperdi
1334 1734 1450 1806 coacti

385 1865 481 1925 sunt.
505 1854 669 1939 Quorum
690 1848 836 1948 plurimi
858 1846 905 1923 ad
930 1847 1061 1922 domos
1076 1834 1178 1940 suas‘,
1203 1864 1352 1949 propter
1375 1855 1451 1923 An-

385 1966 527 2065 glorum
543 1979 700 2058 metum,
720 1966 773 2037 ire
792 1964 1088 2056 reformidantes,
1107 1964 1278 2039 silvemm
1302 1966 1451 2042 latibula

240 2108 246 2117 ·
385 2083 588 2182 petiemnt,
618 2079 736 2155 donec
769 2078 965 2177 luglorum
989 2104 1157 2180 proceres
1190 2082 1255 2179 qui
1285 2080 1452 2181 regendas

385 2200 578 2297 provincia
589 2221 714 2271 curam
724 2211 969 2296 susceperant,
984 2222 1112 2271 eorum
1125 2197 1284 2271 miserati
1294 2224 1448 2291 errores,

386 2312 610 2409 generalibus
638 2311 895 2387 abolitionibus
918 2335 1232 2411 quorumcumque
1257 2314 1450 2387 criminum

386 2427 591 2527 publicatis,
612 2428 765 2527 praestita
788 2452 853 2527 per
880 2452 944 2501 eos
960 2426 1217 2527 qualicumque
1235 2431 1448 2515 securitate,

387 2542 523 2640 majore
540 2568 602 2617 eos
615 2568 656 2617 ex
674 2556 775 2643 parte
791 2542 839 2618 ad
855 2542 986 2617 domos
1000 2566 1082 2619 suas
1097 2560 1335 2619 revocarunt:
1352 2542 1452 2619 unde

386 2662 503 2760 patria
518 2677 600 2761 post
613 2676 649 2737 et
664 2661 822 2737 habitan
838 2674 874 2735 et
887 2660 982 2735 edu
998 2660 1208 2761 permansit.

434 2780 514 2851 Fuit
538 2794 680 2875 autem,
706 2794 743 2853 et
770 2778 898 2855 iisdem
928 2802 1044 2879 prope
1071 2776 1317 2877 temporibus,
1343 2775 1450 2849 simul

386 2894 550 2991 quiedam
577 2896 798 2997 populorum
823 2895 929 2969 turba
953 2896 992 2970 in
1017 2893 1150 2969 linibus
1165 2884 1285 2966 ⁴Vallis
1303 2892 1410 2967 virio
1423 2896 1448 2987 ¹,

386 3025 532 3085 auctore
543 3027 787 3108 cognomento
798 3014 966 3112 chuier.
982 3010 1126 3110 Ubique
1137 3010 1236 3085 enim
1250 3031 1452 3110 peromnes

388 3126 614 3200 Norrnannioe
629 3128 818 3217 terminos,
833 3127 881 3201 ab
895 3127 1090 3225 Anglorum
1106 3124 1350 3225 praedonibus,
1367 3124 1452 3198 licet

387 3241 609 3338 provinciam
631 3243 700 3317 snb
716 3268 785 3319 suo
804 3242 957 3344 imperio
979 3242 1177 3341 anglorum
1199 3266 1263 3315 rex
1279 3238 1449 3331 haberet,

387 3354 479 3429 adeo
502 3358 627 3457 populi
645 3358 866 3435 vexabantur
886 3358 1038 3457 rapinis,
1057 3356 1215 3431 coedbus
1234 3380 1277 3430 ac
1303 3354 1453 3429 diversis

388 3470 575 3547 calumniis
598 3488 705 3574 atquo
729 3474 884 3573 injuriis,
905 3490 944 3547 ut
966 3472 1190 3573 impatientia
1212 3470 1390 3545 malcrum
1414 3486 1451 3545 et

389 3584 499 3669 toedio
511 3600 583 3661 tam
599 3588 777 3663 diuturne
791 3588 1068 3687 inquietudinis,
1083 3586 1191 3662 veluti
1202 3584 1452 3685 desperatione

388 3702 524 3797 salutis,
542 3704 694 3781 adtales
716 3706 995 3781 insurrectiones
1011 3720 1140 3779 conns
1163 3702 1329 3801 Anglicos
1345 3724 1451 3798 urge·

388 3836 514 3895 rentur
532 3849 542 3895 r
560 3821 739 3919 studiose,
768 3840 810 3897 ut
837 3824 1012 3910 diximus,
1036 3822 1178 3897 adhoc
1204 3818 1452 3895 annitentibus

389 3936 507 4039 impiis
532 3940 728 4037 englorum
754 3942 833 4040 (qui
859 3940 1089 4016 vetustissimi
1116 3954 1154 4013 et
1177 3934 1452 4039 quodammodo

389 4054 568 4131 naturales
582 4055 676 4131 illius
691 4070 793 4131 terra
808 4072 844 4131 ot
855 4058 980 4161 populi
995 4056 1116 4130 bostcs
1130 4080 1208 4129 esse
1222 4053 1449 4150 creduntur),

389 4184 431 4241 ut
446 4172 624 4269 majorum
639 4176 846 4275 rapinarum
862 4190 971 4275 atquc
992 4172 1149 4260 cadum,
1167 4172 1215 4247 ad
1230 4196 1296 4246 sua
1310 4184 1451 4246 exsatu-

389 4284 503 4359 randa
516 4288 617 4381 odia,
631 4292 837 4366 occasiones
849 4293 1116 4391 conquirerent.
1134 4287 1205 4362 Sed
1220 4288 1329 4386 hujus
1338 4286 1453 4361 turbo

391 4404 427 4476 in
442 4402 603 4479 Vallibus
617 4408 720 4481 Viriae
737 4408 910 4509 impetum
929 4407 1151 4509 compescuit
1159 4405 1308 4503 quidam
1322 4408 1451 4505 buglo-

430 4666 460 4723 l.
483 4666 524 4723 Le
535 4663 587 4723 Val
601 4662 638 4724 dc
649 4664 729 4741 Viro,
743 4666 808 4747 plus
821 4666 873 4727 bas
889 4672 987 4725 Valles
1003 4673 1111 4742 Viris,
1125 4666 1168 4725 les
1184 4668 1265 4726 Vens
1278 4663 1317 4726 de
1329 4664 1407 4725 vire.
