3892 5892
531 897 568 954 to
810 893 1071 954 mstuuttuuu
1091 893 1229 954 ctuou
1247 895 1301 954 vn

531 1015 838 1090 Aurelianensiimr
864 1015 911 1090 de
937 1019 1031 1116 regis
1058 1041 1121 1090 seu
1148 1018 1277 1114 reginae
1303 1015 1436 1116 palatio
1462 1016 1607 1089 rediret

529 1155 615 1203 cum
629 1130 772 1204 duobus
794 1126 933 1204 tantum
951 1130 1161 1222 comitibus,
1187 1157 1343 1230 quorum
1368 1133 1457 1204 alter
1479 1132 1605 1205 lucer-

530 1269 615 1318 nam
639 1261 723 1319 aute
748 1271 785 1319 se
812 1246 968 1339 serebat,
995 1272 1060 1346 per
1082 1247 1250 1322 satellites
1274 1264 1392 1321 certos
1417 1247 1468 1320 illi
1494 1250 1604 1347 operi

530 1360 745 1453 destinatos,
759 1375 898 1462 patrata
912 1361 993 1453 fuit,
1006 1388 1131 1462 poenas
1147 1362 1284 1437 debitas
1299 1363 1451 1463 reposci,
1459 1364 1603 1462 justitia

533 1476 726 1571 mediante,
744 1478 998 1572 decreverunt3
1010 1493 1063 1570 ut,
1076 1480 1161 1577 quia
1177 1480 1261 1553 satis
1275 1479 1483 1572 vehemens,
1496 1481 1602 1577 quod

532 1607 658 1668 auctor
673 1607 710 1666 et
732 1592 924 1668 mandator
938 1592 1035 1668 illius
1056 1596 1162 1669 caedis
1178 1596 1251 1668 dux
1275 1597 1351 1696 ipse
1369 1597 1603 1692 burgundio-

531 1734 622 1783 num
642 1710 845 1795 exstitisset,
858 1712 1013 1810 suspicio
1031 1712 1188 1786 amultis
1200 1711 1415 1802 habebatur,
1427 1711 1494 1785 sibi
1509 1737 1604 1784 con-

534 1824 669 1917 sulens,
698 1826 759 1898 cui
782 1849 846 1898 sua
870 1828 1088 1903 couscientia
1109 1852 1185 1900 non
1209 1829 1334 1924 ignota
1361 1841 1455 1920 erat,
1474 1827 1604 1902 relicta

535 1944 721 2017 Parisiensi
736 1943 844 2037 urbe,
863 1943 909 2017 ad
929 1959 1042 2018 terras
1057 1969 1138 2022 suas
1154 1946 1273 2018 statim
1288 1945 1461 2018 discessit.

582 2063 706 2156 ltaque
722 2084 819 2149 cum,
838 2060 901 2133 tali
916 2060 1133 2134 discessione
1146 2060 1305 2159 elapsus,
1323 2059 1459 2158 laqueis
1477 2060 1605 2156 legum

533 2175 698 2272 distringi
724 2201 801 2250 non
833 2177 935 2250 facile
959 2191 1097 2277 posset,
1125 2177 1233 2250 armis
1266 2191 1303 2250 et
1327 2178 1487 2276 potentia
1516 2201 1607 2274 pars

533 2315 626 2363 mo
649 2290 772 2366 favens
799 2305 836 2365 et
864 2317 991 2365 necem
1017 2292 1113 2365 illam
1137 2289 1260 2365 ulcisci
1284 2292 1450 2390 cupiens,
1479 2291 1605 2391 ipsum

536 2410 832 2508 Burgundionum
853 2410 985 2483 ducem
1008 2425 1043 2483 et
1063 2423 1174 2482 terras
1201 2433 1283 2481 suas
1309 2408 1481 2506 aggredi;
1523 2409 1607 2506 ipse

535 2550 621 2597 vero
637 2551 658 2598 e
674 2525 815 2598 diverso
832 2549 908 2600 sese
925 2524 1086 2623 finesque
1102 2551 1187 2598 suos
1208 2525 1316 2597 tutari
1328 2537 1364 2596 et
1377 2522 1607 2597 adversarios

535 2645 756 2742 opprimere,
774 2655 881 2738 atque
902 2667 1030 2714 eorum
1058 2641 1245 2714 conatibus
1267 2638 1457 2730 obsistere,
1475 2639 1607 2712 molie-

534 2759 681 2832 bantur.
699 2761 786 2844 Quae
806 2781 865 2828 res
887 2756 1065 2829 bellorum
1090 2758 1248 2830 civilium
1273 2757 1450 2855 primum,
1467 2753 1606 2828 deinde

534 2875 641 2945 etiam
674 2881 1036 2969 extemorum'atque
1060 2870 1262 2962 hostilium,
1298 2872 1440 2943 initium
1472 2869 1538 2942 fuit
1565 2885 1606 2942 et

535 2989 656 3084 orig0;
670 3009 749 3083 quae
762 3009 837 3056 non
852 2986 963 3057 modo
976 3000 1093 3058 toturn
1110 3011 1259 3082 regnum
1272 2987 1403 3084 ipsum,
1415 2982 1480 3058 sed
1492 2985 1605 3056 etiam

534 3101 667 3173 vicinas
685 3098 915 3198 quamplures
934 3114 1046 3174 terras
1071 3101 1269 3174 innumeris
1286 3125 1387 3200 paene
1403 3113 1439 3173 et
1454 3100 1602 3174 inenar-

535 3214 708 3289 rabilibus
720 3217 890 3289 aerumnis
904 3230 1014 3315 atque
1029 3215 1292 3290 calamitatibus
1307 3215 1600 3315 adimpleverint.

535 3336 627 3407 Cum
663 3333 781 3422 enirn,
815 3346 855 3406 ut
887 3335 1143 3432 premisimus,
1177 3331 1448 3406 disseminatum
1478 3332 1602 3405 luisset

535 3473 602 3548 per
628 3472 755 3522 omnes
780 3447 855 3522 lere
878 3448 1038 3520 civitates
1060 3447 1319 3545 etprovineias
1350 3447 1471 3546 regni,
1498 3444 1598 3544 quod

536 3579 663 3639 auctor
679 3564 988 3664 imponendorum
1003 3564 1228 3660 vectigalium
1254 3578 1291 3636 et
1318 3563 1535 3636 tributorum
1563 3562 1600 3634 io

535 3704 648 3778 regno
668 3679 741 3753 dux
758 3677 1070 3752 aurelianensium
1088 3678 1291 3772 exstitisset,
1309 3678 1384 3750 dux
1399 3701 1487 3750 vero
1508 3680 1601 3746 Bur-

536 3796 765 3896 gundionum
786 3817 830 3868 ea
849 3793 994 3867 abolere
1016 3807 1125 3890 atque
1141 3793 1187 3866 de
1212 3819 1324 3890 regno
1343 3794 1469 3866 tollere
1485 3804 1522 3864 et
1536 3815 1603 3888 po-

537 3914 643 4015 pulos
669 3913 717 3986 ad
739 3912 926 4009 antiquam
946 3911 1150 3985 libertatem
1173 3913 1358 3986 restituere
1381 3935 1450 4009 pro
1465 3907 1603 3982 viribus

537 4041 764 4129 procurasset
785 4041 894 4125 atque
914 4027 1116 4120 institisset,
1133 4041 1168 4100 et
1189 4027 1227 4099 in
1256 4026 1494 4116 Normannia,
1511 4023 1601 4098 etin

536 4149 653 4249 patria
666 4148 867 4239 Occitana¹,
885 4169 1012 4219 omnes
1031 4169 1132 4245 paene
1148 4145 1358 4244 insigniores
1383 4143 1543 4217 civitates
1566 4155 1604 4213 et

538 4265 673 4364 oppida
694 4278 813 4363 partes
829 4262 931 4336 ducis
947 4262 1246 4358 burgundionum
1266 4275 1395 4336 secutae
1408 4275 1511 4352 sunt,
1525 4273 1604 4330 tan·

538 4403 650 4480 quam
661 4378 751 4476 ejus,
761 4402 869 4477 quem
880 4377 936 4452 sui
945 4391 1058 4450 status
1066 4401 1109 4450 ac
1118 4377 1603 4476 libertatispropugnatorem

583 4631 613 4688 l.
634 4625 1002 4708 tepaysdehnguadoe.
