3892 5892
539 901 597 960 ros
745 874 748 880 ’
823 896 1080 966 msroauuuu
1099 896 1237 957 cauom
1257 898 1308 955 vu

537 1020 746 1125 partiumin
763 1020 958 1118 anglicano
969 1019 1134 1114 consilio,
1149 1018 1332 1094 uuihodie
1347 1024 1532 1123 provincia
1542 1049 1607 1098 re·

538 1140 676 1240 penda,
700 1138 803 1212 alteri
829 1161 916 1211 vero
942 1138 982 1209 in
1009 1138 1165 1210 crastino
1187 1138 1607 1214 committi¹altemaudo

538 1257 681 1346 decreta
698 1253 940 1342 obtineretur,
959 1268 996 1326 et
1022 1276 1095 1325 uno
1120 1252 1178 1325 die
1198 1252 1380 1351 publicata
1404 1256 1442 1327 in
1465 1255 1607 1329 Retho-

537 1398 644 1471 mago
671 1372 774 1471 (quae
796 1386 849 1443 est
871 1367 1082 1469 metropolis
1105 1369 1325 1468 provinciae)
1349 1371 1606 1445 commissione

537 1516 605 1591 pro
622 1513 716 1578 uno,
737 1487 849 1561 altero
865 1485 1091 1559 diealterius¹
1109 1510 1208 1583 aeque
1228 1486 1454 1578 commissio,
1482 1487 1605 1586 priore

538 1605 729 1700 abrogata,
747 1601 927 1702 praecouia
941 1624 1031 1673 voce
1053 1600 1310 1700 publicaretur.
1333 1606 1374 1672 ln
1395 1600 1605 1697 hujusmodi

538 1721 732 1793 certamine
755 1717 918 1815 superior
941 1730 1061 1788 tamen
1087 1716 1218 1787 mansit
1237 1714 1384 1787 taudem
1403 1715 1475 1788 dux
1495 1719 1603 1789 Sum·

538 1835 700 1923 mersen,
718 1847 856 1904 etcum
880 1854 1013 1927 magno
1037 1818 1208 1929 apparatu
1232 1830 1424 1929 multisque
1450 1830 1601 1929 opibus,

539 1951 744 2026 transmisso
761 1949 870 2039 freto,
893 1949 932 2021 in
953 1947 1178 2046 provinciam
1202 1948 1299 2019 venit
1318 1946 1386 2018 sibi
1408 1947 1601 2021 decretam.

539 2070 623 2137 Erat
638 2064 735 2135 enim
752 2064 829 2134 auri
844 2077 880 2134 et
897 2062 1034 2157 argenti
1052 2060 1367 2163 locupletissimus,
1387 2075 1429 2131 ut
1445 2076 1530 2159 pote
1545 2066 1604 2136 cui

539 2184 714 2257 successio
733 2182 917 2255 bonorum
935 2182 1019 2279 jure
1040 2182 1275 2279 proximitatis
1302 2179 1508 2277 obvenisset
1527 2209 1606 2256 car-

522 2278 526 2284 ¹
540 2297 946 2386 dinalisVintoniensis¹,
957 2296 1020 2393 qui
1030 2295 1193 2367 omnium
1202 2296 1275 2367 fere
1288 2294 1386 2367 orbis
1395 2298 1504 2368 totius
1515 2298 1605 2369 cbri-

539 2415 761 2504 stianorum,
784 2428 948 2511 tempore
972 2436 1039 2484 suo
1066 2411 1368 2511 locupletissimus
1390 2412 1601 2487 habebatur.

589 2530 734 2629 Appulit
753 2541 873 2601 autem
894 2527 940 2599 ad
960 2526 1080 2599 littora
1100 2528 1328 2603 Normanniae
1348 2526 1545 2617 inferioris,
1567 2531 1604 2601 iu

465 2731 467 2734 ¹
539 2646 718 2719 territorio
738 2642 1026 2732 Constantiensi‚
1052 2656 1087 2713 et
1110 2642 1194 2714 iude
1218 2642 1442 2741 provinciam
1463 2643 1605 2742 perlus-

540 2776 659 2854 trans,
689 2783 754 2858 per
780 2756 981 2828 Cadomum
1010 2771 1047 2828 et
1075 2758 1246 2829 lexovias
1280 2758 1379 2830 venit
1408 2758 1605 2833 Rothoma·

541 2900 644 2973 gum,
668 2872 904 2973 principalem
929 2872 1040 2942 totius
1066 2864 1260 2970 provinciae
1287 2873 1435 2965 urbem,
1465 2877 1502 2947 iu
1534 2901 1606 2974 qua

540 2988 664 3061 sedem
682 3000 718 3058 et
737 2985 963 3058 mansionem
981 2985 1047 3059 sibi
1065 2986 1261 3060 coustituit.
1288 2992 1372 3063 Erat
1393 2990 1469 3087 ipse
1489 2991 1605 3090 specie

540 3103 712 3192 decorus,
743 3090 854 3172 atatis
878 3126 994 3201 prope
1019 3117 1097 3173 tum
1121 3103 1378 3202 quinquaginta
1400 3128 1604 3197 annorum,

523 3218 624 3297 ,satis
639 3214 753 3289 civilis
765 3230 800 3287 et
816 3215 995 3314 benignus
1011 3231 1118 3315 atque
1133 3216 1326 3311 humanus,
1346 3221 1531 3299 communi
1547 3244 1607 3321 pa.

540 3334 614 3405 triae
638 3333 783 3430 justitiae
809 3333 893 3405 satis
920 3333 1067 3405 affectus
1096 3346 1132 3405 et
1153 3335 1331 3427 intentus,
1358 3335 1421 3408 sed
1445 3338 1605 3435 profecto

540 3474 624 3523 cum
640 3478 659 3518 u
676 3450 830 3522 avaritia·
842 3480 860 3515 n
880 3463 920 3519 ut
935 3448 1082 3549 Crispus
1098 3451 1169 3543 ait,
1188 3481 1205 3517 α
1225 3440 1367 3548 semper
1383 3454 1428 3523 sit
1445 3452 1602 3549 infinita,

541 3586 683 3662 semper
703 3561 912 3635 insatiabilis
928 3577 964 3634 et
981 3586 1098 3661 neque
1114 3564 1242 3663 copia,
1264 3589 1383 3663 neque
1401 3566 1524 3666 inopia
1540 3569 1606 3641 mi·

540 3694 687 3771 nuatur,
707 3678 961 3752 »vitiumhoc
982 3679 1135 3750 nimium
1155 3679 1193 3750 in
1212 3678 1287 3776 ejus
1303 3680 1426 3753 animo
1442 3682 1608 3757 domina-

540 3809 619 3867 tum
636 3793 773 3865 habeas
792 3793 898 3889 (esto,
913 3806 954 3864 ut
966 3792 1134 3885 diximus,
1147 3818 1259 3894 opum
1274 3811 1367 3869 esset
1382 3795 1605 3894 ditissimus),

540 3923 683 3982 caeteras
703 3933 829 3981 omues
842 3910 972 4005 gratias
984 3923 1019 3980 et
1030 3907 1197 4004 virtutes,
1211 3936 1290 4009 quae
1306 3924 1501 4009 utcumque
1512 3914 1548 3985 in
1562 3937 1606 3985 eo

542 4026 700 4099 eminere
714 4023 942 4114 videbantur,
960 4022 1208 4120 labefactavit,
1227 4029 1417 4127 ipsumque
1434 4028 1481 4101 ad
1497 4044 1609 4103 extre·

541 4168 639 4218 mam
667 4167 768 4243 paene
797 4140 926 4239 dejecit
950 4142 1144 4215 miseriam.
1165 4146 1255 4215 Nam
1277 4169 1362 4219 cum
1385 4146 1454 4239 his,
1478 4146 1608 4244 quibus

541 4264 807 4338 affluentissime
831 4259 1060 4358 abundabat,
1085 4260 1215 4361 opibus
1232 4264 1381 4338 minime
1397 4279 1605 4356 contentus,

541 4380 727 4480 cupiditati
742 4377 901 4453 habendi
917 4378 1070 4453 modum
1083 4402 1217 4480 ponere
1231 4393 1340 4481 atque
1358 4394 1513 4454 statuere
1531 4402 1608 4455 nes·

582 4614 613 4671 t.
635 4609 1074 4687 passaranum,
1090 4560 1252 4673 mortun
1266 4612 1341 4675 svn
1357 4614 1446 4681 uta
