3892 5892
718 896 1029 970 unmoumrus.
1315 894 1393 954 aas

346 1018 563 1117 potuissent,
582 1043 666 1091 cum
682 1019 827 1118 optimis
843 1019 1018 1092 machinis
1028 1032 1063 1092 et
1073 1017 1251 1091 bellorum
1264 1018 1394 1091 instru-

346 1142 474 1214 mentis
489 1141 667 1241 (quorum
684 1142 819 1215 eisdem
834 1144 959 1241 ingens
975 1144 1058 1215 satis
1075 1143 1180 1241 copia
1195 1140 1310 1235 erat);
1332 1140 1394 1239 qui

346 1281 517 1331 uumerus
534 1282 609 1330 non
631 1258 762 1349 minor,
780 1258 843 1331 sed
864 1283 978 1357 prope
993 1259 1136 1357 aequalis
1156 1274 1231 1332 erat
1245 1258 1293 1331 illi
1310 1283 1395 1331 cum

347 1396 420 1470 quo
435 1370 523 1445 olim
540 1397 690 1470 regnum
705 1377 924 1447 Francorum
942 1373 1115 1472 aggressi,
1132 1373 1251 1474 ipsum
1267 1397 1396 1470 magna

347 1512 391 1561 ex
411 1504 513 1588 parte
537 1488 814 1589 conquisierant.
844 1488 949 1561 Unde
970 1504 1005 1563 et
1030 1504 1169 1563 constat
1200 1490 1299 1587 quod
1323 1490 1396 1563 dux

347 1604 597 1695 summerseti,
616 1604 692 1703 qui,
717 1603 756 1675 in
773 1616 889 1677 castro
906 1604 1057 1677 Cadomi
1078 1605 1295 1696 consistens,
1313 1629 1397 1678 cum

349 1719 487 1817 magnis
505 1719 619 1819 copiis
634 1717 830 1793 adventum
843 1744 971 1793 eorum
986 1718 1225 1819 operiebatur,
1244 1721 1307 1819 qui
1327 1744 1397 1793 no-

347 1834 497 1906 viteres
525 1832 648 1933 Anglia
664 1832 920 1921 adventarant,
938 1836 1012 1932 Jam
1032 1836 1160 1908 iecerat
1182 1834 1399 1908 bombardae

349 1966 385 2024 et
415 1952 587 2050 petrarias
617 1964 830 2049 ceterasque
855 1951 1037 2025 machinas
1062 1950 1146 2024 belli
1176 1951 1338 2025 curribus
1364 1964 1400 2023 et

350 2064 523 2140 vehiculis
536 2065 749 2167 superponi,
767 2081 822 2159 ut,
838 2066 956 2138 statim
968 2066 1101 2163 junctis
1118 2067 1155 2138 in
1168 2091 1281 2139 unum
1297 2066 1401 2137 utris·

351 2205 422 2280 que
443 2182 573 2282 copiis,
592 2181 785 2253 exereitum
808 2181 1011 2253 universum
1028 2180 1064 2252 in
1083 2204 1251 2279 campum
1270 2179 1400 2252 educe·

320 2283 326 2297 ⁶
352 2309 419 2369 ret.
443 2299 530 2385 Quae
549 2320 621 2386 res,
644 2296 695 2386 si,
720 2294 772 2366 uti
796 2293 980 2396 sperabat,
1005 2296 1253 2395 processisset,
1276 2294 1401 2393 procul

353 2409 466 2483 dubio
500 2433 670 2506 magnum
702 2410 844 2482 Francis
872 2408 1072 2507 periculum
1104 2423 1141 2482 et
1174 2408 1241 2481 toti
1268 2408 1404 2505 regioni

354 2526 525 2599 maximas
540 2526 757 2599 calamitates
772 2525 977 2597 intulisset¹.
1003 2522 1073 2597 Sed
1088 2522 1253 2597 divinitas
1273 2548 1315 2595 ex
1330 2522 1404 2597 alto

354 2654 482 2715 cunua
498 2641 717 2741 perspiciens
734 2664 777 2713 ac
793 2639 1005 2732 moderans,
1027 2638 1135 2713 rebus
1154 2637 1321 2712 humanis
1338 2636 1404 2711 illi·

354 2781 426 2857 que
440 2756 649 2831 miserande
660 2758 800 2858 patria,
819 2781 898 2855 que
913 2756 1050 2831 tamdiu
1063 2780 1271 2856 guerrarum
1282 2780 1406 2830 aerum·

355 2875 412 2949 nis
428 2870 560 2949 afflicta
582 2874 714 2967 tuerat,
731 2887 768 2949 et
782 2872 850 2947 sub
864 2873 1008 2949 incertis
1029 2874 1207 2949 bellorum
1222 2872 1404 2975 procellis,

355 3014 421 3091 per
435 3014 551 3063 annos
565 2990 660 3065 ultra
675 2991 819 3089 triginta
833 3003 918 3083 tres,
937 2991 1110 3065 continuo
1127 2991 1242 3066 fuerat
1258 2992 1404 3089 agitata,

356 3103 482 3176 melius
514 3103 719 3177 consultum
734 3118 841 3202 atque
861 3102 1037 3178 salubrius
1059 3105 1104 3177 iri
1126 3105 1250 3181 voluit.
1274 3106 1408 3179 Praevi-

359 3219 486 3294 dentes
499 3220 596 3293 enim
607 3221 733 3293 Franci
748 3218 848 3319 quod
858 3221 1011 3320 imperio
1024 3244 1090 3295 suo
1106 3235 1143 3294 et
1153 3223 1255 3295 terris
1268 3224 1410 3296 noviter

360 3336 576 3435 recuperatis
591 3334 848 3435 impendebant
859 3336 977 3427 exitia,
990 3338 1019 3407 si
1036 3350 1203 3433 utrasque
1215 3336 1409 3434 lnglorum

360 3452 482 3552 copias
501 3466 753 3526 veteranorum
769 3475 1021 3548 novorumque
1037 3451 1219 3547 aggregari
1235 3453 1411 3550 permisis·

361 3583 460 3659 sent,
488 3566 535 3643 ad
564 3565 785 3639 obviandum
807 3566 913 3639 tantis
936 3566 1125 3666 periculis,
1152 3567 1346 3641 exercitum
1373 3568 1410 3641 in

360 3681 519 3757 confinio
530 3682 757 3757 Constantini
769 3697 805 3756 et
816 3682 1003 3754 baiocismi
1017 3679 1269 3772 admoverunt,
1280 3706 1369 3781 quo,
1383 3682 1413 3757 si

362 3813 525 3899 possent,
543 3798 647 3872 novis
663 3796 815 3895 Anglicis
830 3798 1084 3871 intersecarent
1101 3798 1180 3892 iter,
1199 3822 1245 3871 ne
1266 3822 1304 3871 se
1319 3798 1414 3871 circa

405 4060 434 4120 t.
455 4056 564 4117 ltobert
574 4054 696 4118 Blendel
707 4068 842 4136 rapporte
852 4074 886 4117 oe
898 4055 966 4116 trait
976 4055 1012 4115 de
1025 4055 1054 4117 ln
1065 4058 1211 4117 mulianoe
1223 4056 1259 4117 de
1272 4058 1417 4119 Sernes-set

364 4144 494 4225 lorsqn'il
508 4146 605 4227 apprit
617 4146 645 4205 le
661 4145 887 4225 debetquemeut
902 4144 940 4205 de
955 4144 985 4205 la
1002 4146 1139 4206 nouvelle
1157 4146 1253 4207 armis
1265 4146 1413 4227 snguise:

369 4238 525 4310 eQuorum
548 4236 671 4315 appulsu
692 4248 860 4314 comperto,
877 4233 937 4293 dux
963 4231 1001 4291 de
1025 4233 1210 4307 Sombrerset,
1233 4246 1302 4293 tunc
1324 4234 1417 4296 Cedo-

366 4343 445 4383 mum
460 4336 572 4398 tenens,
586 4324 693 4403 gaudio
707 4344 767 4383 non
783 4321 921 4383 mediocri
935 4320 1097 4395 exsultans,
1111 4320 1202 4380 fertur
1214 4320 1338 4397 dixisse,
1356 4334 1417 4385 uta

367 4410 424 4471 lide
436 4409 525 4493 digno
538 4410 659 4471 relatum
667 4410 775 4472 habui:
790 4409 978 4481 -01tsrote,
994 4409 1118 4468 Ksrolel
1135 4428 1188 4469 vos
1203 4428 1291 4471 renas
1306 4426 1418 4473 nostras

371 4526 384 4553 ι
399 4500 459 4561 neri
473 4511 580 4559 venatu
597 4498 822 4571 constrinxistis,
840 4496 892 4557 sed
904 4516 983 4557 nunc
997 4510 1106 4559 vestm
1123 4496 1264 4561 werbiori
1274 4502 1418 4564 constriu-

369 4616 382 4643 ι
401 4606 468 4668 pam
482 4616 511 4647 ι.
528 4592 651 4647 Assertio
663 4591 859 4659 Nonnarmr‘e,
873 4586 895 4645 l.
908 4588 959 4657 w,
975 4606 1002 4645 c.
1018 4608 1040 4647 r.
