3892 5892
548 888 606 945 trs
835 886 1092 948 msrottttrtuu
1110 876 1246 945 cauom
1265 890 1320 945 vn

546 1008 688 1083 toribus¹
702 1009 764 1106 qui
780 1008 899 1107 supra¹
909 1034 1054 1081 murum
1074 1008 1286 1102 adstabant,
1309 1010 1462 1085 admotis
1478 1013 1607 1105 scalis,

547 1127 691 1195 murum
704 1123 961 1197 conscenderet
976 1148 1040 1222 per
1056 1138 1149 1197 atras
1164 1126 1280 1197 noctis
1297 1115 1483 1222 tenebras,
1502 1144 1539 1201 et
1556 1132 1610 1203 sic

545 1240 696 1311 civitate
714 1240 913 1338 potiretur&
939 1242 1107 1343 Quaeres
1123 1254 1159 1311 et
1185 1241 1327 1313 Francis
1356 1241 1539 1339 perutilis,¹
1568 1259 1607 1317 et

544 1357 746 1453 Anglicanis
755 1356 860 1427 rebus
871 1379 946 1439 non
956 1380 1083 1453 parum
1092 1355 1267 1430 damnosa
1275 1359 1416 1430 exstitit.
1430 1362 1495 1429 Per
1509 1384 1610 1433 eam·

546 1475 629 1548 dem
644 1475 745 1571 enim
759 1473 936 1545 civitatem
948 1472 1239 1571 idemFlocquet,
1259 1472 1348 1547 fines
1363 1499 1447 1547 suos
1460 1475 1609 1549 studens

546 1617 687 1691 semper
712 1614 908 1690 propagare
931 1605 968 1661 et
989 1590 1183 1690 ampliate,
1211 1592 1319 1690 paulo
1340 1608 1424 1692 post
1451 1608 1608 1667 castrum

546 1714 637 1787 Novi
652 1713 770 1808 Burgi'
783 1711 982 1807 acquisivit,
993 1736 1121 1809 magna
1140 1711 1201 1785 illa
1210 1714 1496 1809 circumjacentia
1511 1734 1609 1788 caur-

545 1829 674 1928 pestria
690 1843 726 1899 et
750 1852 854 1923 agros
879 1828 1021 1926 opimos
1045 1828 1173 1901 ditioni
1197 1833 1423 1901 Francorum
1446 1814 1511 1929 per
1534 1830 1610 1904 hoo

545 1946 752 2019 restituens.
819 2039 821 2042 Ι

522 2102 526 2108 -
594 2061 764 2156 Sequenti
780 2065 1037 2153 autemamrn³,
1053 2066 1272 2136 Francorum
1289 2061 1435 2160 quidam
1457 2061 1605 2154 duces,

545 2178 608 2275 qui
624 2178 670 2250 ad
687 2179 853 2252 tutandos
870 2181 1065 2279 Aquitaniae
1081 2180 1169 2253 fines
1190 2195 1316 2254 contra
1330 2179 1465 2277 Anglns
1485 2180 1547 2277 qui
1569 2181 1608 2251 in

546 2297 720 2368 Vasconis
745 2311 867 2387 erant,
906 2311 942 2369 et
969 2297 1040 2369 illic
1070 2298 1323 2394 Burdegalam,
1355 2302 1543 2393 Bayonam
1574 2310 1611 2369 et

547 2411 740 2484 nonnullas
761 2411 845 2485 alias
860 2413 1016 2487 civitates
1032 2422 1067 2487 et
1082 2414 1217 2513 oppida
1233 2413 1403 2486 tenebant
1424 2468 1433 2503 ,
1461 2416 1499 2483 in
1517 2436 1612 2511 prae-

547 2528 832 2606 sidiis-collocati
854 2545 973 2619 erant,
999 2530 1226 2603 obsidionem
1251 2542 1455 2627 posuerunt
1484 2524 1613 2625 adop

547 2644 674 2742 pidum
697 2669 760 2716 seu
783 2644 963 2715 castellum
988 2646 1214 2722 nominatum
1232 2645 1426 2743 vulgariter
1448 2646 1608 2713 Tartas⁸.

548 2762 763 2853 Quanquam
794 2776 889 2855 vero⁴
909 2760 1044 2854 Anglici
1077 2761 1179 2833 anxie
1208 2761 1315 2833 nimis
1349 2758 1541 2857 perditum
1568 2757 1612 2827 iri

549 2871 670 2967 eisque
679 2870 813 2941 auferri
834 2872 953 2972 ipsum
969 2871 1146 2969 oppidum
1163 2875 1430 2972 conspicerent,
1453 2886 1499 2945 et·
1510 2870 1612 2967 quod

550 3010 593 3057 ea
610 3010 667 3057 res
682 2986 720 3056 in
728 2983 807 3055 aliis
823 2984 932 3057 rebus
949 2986 1142 3083 majoribus
1158 2988 1292 3062 damna
1308 2988 1543 3063 verisimiliter
1561 2986 1611 3057 eis

551 3114 642 3173 esset
658 3099 970 3199 allatura‚pactum
987 3117 1108 3175 tamen
1125 3086 1318 3177 deditionis
1333 3102 1511 3201 compulsi
1525 3102 1611 3209 fece·

553 3228 653 3307 runt,
672 3215 741 3286 nisi
762 3217 809 3288 ad
832 3233 971 3291 certum
986 3234 1022 3293 et
1048 3233 1217 3309 statutum
1237 3220 1334 3291 diem
1357 3219 1507 3291 obsessis
1524 3242 1611 3289 suc·

554 3355 699 3403 cursum
713 3328 923 3429 preberent
943 3335 1047 3408 lnlra'
1063 3360 1171 3433 quam
1199 3335 1294 3408 diem
1312 3334 1480 3427 Carolus,
1500 3338 1609 3405 Fran·

556 3469 683 3517 corum
700 3454 773 3533 rex,
792 3452 983 3522 contractis
999 3450 1157 3546 undique
1175 3449 1322 3540 viribus,
1336 3463 1372 3521 et
1388 3450 1497 3521 totius
1512 3472 1611 3547 paene

557 3562 658 3657 regni
673 3563 855 3636 nobilibus
871 3579 907 3635 et
922 3564 1092 3643 militibus
1105 3566 1291 3655 adunatis,
1312 3565 1412 3663 quasi
1425 3579 1516 3637 esset
1529 3587 1612 3635 cum

559 3677 900 3777 anglorumintegra
910 3682 1070 3779 potentia
1085 3678 1329 3771 dimicaturus,
1340 3681 1377 3753 in
1391 3680 1613 3779 Aquitaniam

559 3818 663 3867 suam
680 3794 944 3893 expeditionem
968 3796 1143 3886 traduxit3
1172 3810 1208 3869 et
1229 3812 1311 3869 ante
1327 3811 1497 3871 statutum
1515 3794 1612 3867 diem

555 3911 656 4005 juxta
667 3908 863 4012 oppidum,
881 3925 1089 4008 exspectans
1102 3910 1275 3986 'audacter
1290 3938 1374 3986 cum
1391 3914 1509 4010 Anglis
1524 3932 1614 4011 prae·

559 4023 648 4095 lium
670 4039 777 4123 atque
801 4040 980 4097 certamen
1003 4026 1112 4116 inire,
1140 4044 1255 4101 castra
1281 4044 1432 4103 metatus
1453 4044 1518 4102 est.
1541 4024 1610 4099 Sed
1638 4114 1642 4125 Ι

559 4140 720 4239 Anglici,
739 4140 900 4215 ‘videntes
924 4143 1016 4240 regis
1046 4141 1300 4241 validissimum
1318 4146 1531 4237 exercitum,
1563 4142 1610 4217 ad

599 4358 629 4412 1.
654 4354 693 4413 Ils
706 4358 853 4414 canerent
864 4374 917 4435 par
931 4374 971 4414 un
985 4330 1153 4427 trou,selon
1166 4355 1195 4415 la
1209 4360 1367 4437 Chmm’que
1376 4363 1412 4419 de
1427 4364 1611 4421 Nonnundr'e.

599 4450 630 4595 ἓ.
652 4448 835 4595 ppngbomg,
847 4447 1033 4524 aujourd'hui
1047 4448 1119 4509 dans
1132 4449 1397 4515 l’arrondissement
1410 4454 1446 4515 de
1460 4456 1611 4517 louviers.

622 4581 629 4594 .
694 4543 710 4597 l
735 4583 742 4599 .

599 4630 629 4685 t.
651 4627 844 4701 aujourd’hui
857 4628 929 4688 dans
944 4628 973 4689 le
985 4628 1184 4711 departement
1199 4631 1249 4693 des
1262 4635 1385 4696 landes.
1455 4604 1463 4623 ⁶
