3892 5892
540 934 598 995 m
829 926 1092 991 fflstttmtttttt·
1105 925 1241 991 CAROU
1260 926 1312 985 v11

538 1056 702 1155 equiturn
729 1057 950 1129 Francorum
972 1042 1369 1141 cobortesirruerunt,
1398 1036 1471 1125 sure
1493 1050 1598 1127 saluti

538 1196 616 1247 nou
636 1171 739 1249 aliter
758 1194 863 1270 posse
879 1166 1068 1253 consulere
1088 1167 1348 1271 existimantes,
1365 1165 1512 1241 hortum
1529 1172 1597 1241 lte—

540 1290 706 1390 prosarite
721 1286 949 1375 basileensis,
964 1285 1100 1383 exiguis
1110 1282 1372 1359 circumdatum
1387 1286 1517 1379 muris,
1540 1286 1597 1357 in·

539 1407 648 1503 gressi
664 1420 760 1496 sunt,
780 1421 819 1478 ut
833 1402 929 1476 vallo
938 1401 1189 1501 hujuscemodi
1207 1415 1333 1475 contra
1349 1402 1510 1497 equiturn
1527 1392 1595 1473 iru-

539 1540 645 1623 petus
659 1536 881 1609 tutarentur3
901 1518 965 1594 sed
980 1543 1022 1592 ea
1038 1542 1094 1591 res
1110 1518 1158 1591 ad
1174 1516 1356 1590 modicum
1373 1532 1595 1591 momentum

540 1640 696 1738 sullugio
710 1638 763 1711 eis
779 1637 857 1712 tuit.
878 1636 1158 1717 Diruto'etenim
1178 1658 1304 1726 muro,
1330 1632 1454 1706 vulldae
1474 1648 1596 1705 turmae

539 1759 703 1855 equitum
719 1770 827 1853 utque
841 1752 1006 1853 peditum
1022 1753 1168 1827 eosdem
1178 1751 1345 1850 aggressi,
1359 1774 1460 1851 paene
1472 1776 1597 1825 omnes

542 1871 777 1943 trucidarunt.
803 1870 913 1967 Cujus
934 1869 1126 1969 spectaculi
1148 1895 1185 1942 se
1213 1868 1365 1959 Basilea,
1389 1869 1521 1940 moenia
1535 1890 1598 1940 sua

542 2003 680 2087 tenens,
698 1986 856 2058 otiosam
863 1985 1016 2084 praebuit
1031 1985 1290 2083 spectatricem,
1304 1983 1400 2074 licet,
1415 1998 1457 2055 ut
1474 1982 1594 2077 lertur,

541 2127 609 2202 pro
625 2126 668 2175 ea
681 2102 851 2175 adversus
865 2106 1021 2173 Francos
1037 2098 1235 2173 munienda
1245 2100 1426 2179 venirent.
1451 2098 1599 2173 Volebat

542 2216 656 2316 plebis
671 2215 880 2289 Basileensis
903 2215 1119 2309 multitudo,
1142 2214 1239 2287 illam
1260 2228 1491 2315 prospectans
1506 2215 1599 2289 cala·

542 2333 721 2424 mitatem,
749 2346 789 2403 ut
813 2331 952 2423 lerunt,
979 2332 1016 2403 in
1043 2354 1170 2403 eorum
1192 2328 1363 2403 auxilium
1391 2354 1597 2423 occurrere;

542 2451 606 2523 sed
624 2476 646 2524 a
661 2448 844 2521 nonnullis
862 2448 1039 2524 oculatius
1053 2448 1212 2547 pericula
1225 2447 1466 2545 imminentia,
1486 2450 1515 2520 si
1530 2448 1599 2520 hoc

507 2592 512 2601 ·
542 2579 791 2656 attentassent,
809 2562 1138 2657 considerantibuS,
1154 2577 1292 2635 retenta
1309 2550 1427 2634 futter
1443 2586 1601 2662 repressa

542 2682 635 2758 illius
650 2681 776 2781 populi
790 2666 997 2755 animositas
1013 2707 1021 2753 r
1044 2704 1124 2777 que
1138 2704 1262 2755 revera
1278 2705 1353 2755 oon
1370 2678 1467 2753 aliud
1480 2680 1600 2753 verisi-

542 2796 673 2870 militer
688 2795 903 2868 obtinuisset
919 2795 1103 2893 popularis
1120 2820 1249 2868 manus
1267 2796 1411 2869 inermis
1429 2811 1466 2868 et
1482 2796 1601 2895 pedes·

544 2915 621 3003 tris,
647 2912 836 3009 quantavis
853 2910 1059 3006 multitudo,
1081 2928 1208 2985 contra
1225 2927 1361 2985 tantam
1383 2927 1601 2986 armatomru

543 3028 705 3124 equitum
722 3050 767 3100 ac
783 3026 948 3127 peditum
962 3040 1130 3121 manum,
1144 3028 1182 3099 in
1196 3026 1303 3102 rebus
1315 3027 1451 3101 bellicis
1468 3028 1601 3101 exerci-

543 3160 654 3217 tatam
672 3130 779 3242 atque
796 3158 991 3236 assuetam,
1010 3166 1120 3247 quam
1136 3146 1435 3245 interemptorum
1457 3168 1601 3219 acervos

542 3261 727 3333 cumulare
758 3274 795 3333 et
826 3259 1024 3359 adaugere,
1058 3276 1231 3361 tanquam
1256 3282 1368 3361 pecus
1398 3262 1597 3334 occisionis.

542 3380 665 3473 ltaque
693 3374 827 3449 salubri
855 3376 978 3476 quoad
992 3374 1065 3451 hoc
1087 3378 1237 3451 consilio
1256 3401 1318 3450 eos
1339 3376 1601 3476 obtemperasse

544 3489 798 3562 existimamus.
1283 3568 1288 3575 ,

592 3611 764 3708 Suscepta
779 3618 900 3681 autem
916 3608 1125 3705 hujusmodi
1140 3606 1255 3698 clade,
1275 3606 1456 3679 Suitenses
1473 3606 1599 3699 caeterl,

544 3750 587 3797 ex
603 3748 751 3797 suorum
763 3748 851 3797 nece
864 3724 1039 3811 deterriti,
1060 3724 1103 3797 ad
1122 3724 1269 3825 propria
1281 3748 1357 3797 sese
1373 3736 1599 3827 receperunt3

543 3846 762 3913 Francorum
777 3852 865 3913 vero
879 3840 1093 3933 multitudo,
1113 3866 1150 3914 se
1166 3867 1232 3942 per
1248 3855 1358 3915 terras
1375 3840 1451 3915 illas
1467 3840 1603 3917 Alzatite

543 3960 706 4058 usquein
723 3958 813 4031 lines
830 3954 1162 4056 argentinensium¹
1180 3960 1386 4055 effundens,
1407 3962 1530 4036 omnia
1541 3988 1603 4063 po·

543 4073 703 4172 pulabat.
728 4073 798 4162 Qui
814 4074 940 4163 etiam,
959 4098 1044 4146 cum
1054 4074 1156 4172 jussu
1173 4077 1273 4149 ducis
1293 4078 1436 4150 lustriae
1452 4078 1489 4151 in
1502 4078 1603 4179 plura

545 4190 678 4291 o'ppida
698 4206 734 4261 et
750 4189 893 4263 castella
912 4191 1108 4267 intromissi
1127 4192 1276 4265 luissent
1291 4219 1334 4267 ex
1357 4220 1533 4269 consensu
1555 4193 1603 4286 ci·

543 4306 644 4378 vium
671 4305 859 4401 locorum,
888 4306 1018 4379 accolis
1043 4308 1136 4380 illius
1157 4310 1300 4407 patrlae,
1329 4310 1481 4408 qualiter
1504 4336 1541 4385 se
1567 4312 1603 4383 in

544 4422 693 4496 Francia
717 4446 822 4522 agere
837 4422 1055 4521 quibusque
1081 4424 1255 4505 exercitiis
1287 4424 1411 4507 ludere
1436 4429 1604 4507 omoeus-

585 4656 616 4715 t.
641 4678 655 4707 ι
670 4623 1258 4743 Juquodust‘tvtihttssumg.
1275 4686 1290 4717 ι
