3892 5892
548 910 607 970 238
832 907 1087 968 mstontantttt
1106 907 1242 966 caton
1262 908 1315 964 vlt

550 1031 723 1106 Robertus
749 1037 858 1121 Ver¹,
883 1032 1046 1130 quicum
1075 1030 1195 1102 multis
1219 1031 1399 1129 equitibus
1417 1043 1606 1102 veterano

549 1172 629 1220 rum
646 1147 692 1220 ad
704 1172 835 1239 novos,
851 1148 880 1220 si
893 1146 1038 1220 facultas
1054 1147 1188 1238 suisset,
1201 1147 1350 1244 jungere
1361 1159 1617 1234 sevenerant;

548 1263 723 1336 sibienim
734 1262 887 1363 pedibus
899 1264 1007 1334 timor
1017 1260 1154 1334 addidit
1165 1264 1250 1335 alas.
1267 1267 1317 1334 Eo
1330 1262 1455 1354 modo,
1470 1262 1621 1334 scilicet

549 1380 664 1453 veloci
683 1379 764 1474 suga
782 1402 824 1450 ac
841 1375 1047 1476 pernicibus
1072 1378 1154 1469 alis,
1179 1376 1247 1450 sibi
1267 1379 1377 1450 vitam
1399 1391 1615 1450 servarunt.

551 1493 618 1567 dlii
632 1508 750 1566 autem
767 1517 867 1592 paene
882 1516 1030 1585 omnes,
1050 1493 1113 1589 qui
1138 1494 1278 1565 noviter
1293 1517 1336 1564 ex
1353 1490 1476 1588 Anglia
1491 1505 1618 1564 trans

552 1610 717 1682 sretarant
730 1663 740 1701 ,
752 1608 831 1680 cassi
841 1622 904 1681 aut
917 1607 1011 1706 capti
1026 1607 1179 1680 feserunt.
1195 1608 1282 1680 Caesi
1298 1608 1335 1679 in
1349 1631 1393 1679 eo
1404 1605 1533 1707 proelio
1551 1631 1615 1679 re-

551 1725 756 1800 ferebantur
766 1748 873 1824 supra
888 1725 954 1796 tria
975 1723 1085 1796 millia
1102 1739 1137 1797 et
1152 1725 1386 1823 quingentos,
1403 1736 1439 1795 et
1455 1721 1614 1794 totidem

551 1865 653 1941 paene
673 1839 822 1938 captivi,
845 1839 907 1937 qui
931 1837 979 1911 ad
1001 1843 1222 1912 Francorum
1243 1838 1402 1911 civitates
1416 1850 1453 1909 et
1471 1835 1613 1935 oppida

551 1955 714 2043 abducti,
733 1953 902 2026 vilissimo
917 1955 1056 2055 pretio,
1075 1955 1184 2027 veluti
1204 1954 1291 2042 vilia¹
1309 1952 1510 2051 mancipia,
1536 1951 1613 2024 dis-

552 2068 798 2144 trahebantur.

602 2185 647 2253 Et
668 2182 841 2279 quoniam
857 2179 1022 2252 secundae
1042 2204 1099 2252 res
1117 2179 1258 2252 animos
1273 2177 1446 2268 efferunt,
1464 2191 1501 2250 et
1516 2201 1537 2250 e
1557 2176 1613 2250 di·
1714 2247 1716 2252 .

555 2323 661 2373 verso
686 2297 854 2396 frangunt
878 2298 1097 2396 ejiciuntque
1122 2297 1298 2388 adversas,
1329 2321 1372 2369 ex
1400 2294 1612 2393 hujusmodi

555 2414 696 2487 sinistro
716 2427 864 2504 eventu,
892 2425 966 2486 tota
990 2411 1061 2484 fere
1083 2435 1163 2510 spes
1180 2411 1375 2508 Anglorum
1391 2409 1570 2503 concidit;
1590 2435 1613 2482 e

556 2545 681 2605 contra
697 2553 783 2604 vero
807 2529 931 2604 Franci
956 2527 1004 2602 ad
1029 2552 1262 2627 quaecumque
1287 2527 1455 2602 adversus
1479 2527 1613 2626 Anglos

557 2646 724 2722 audenda
736 2643 1062 2744 aggrediendaque,
1075 2669 1118 2716 ex
1132 2642 1339 2742 hujusmodi
1349 2644 1515 2734 victoria,
1529 2644 1612 2716 ani·

557 2788 638 2836 mus
652 2761 881 2835 vehementer
897 2759 1063 2834 accrevit.
1084 2759 1189 2832 Unde
1205 2759 1313 2858 paulo
1330 2772 1412 2859 post
1431 2782 1495 2859 per
1511 2757 1611 2831 illus·

558 2891 648 2949 trem
657 2876 824 2949 comitem
837 2879 1042 2947 Dunensem
1053 2873 1235 2947 mandavit
1250 2899 1313 2948 rex
1328 2868 1455 2950 urbem
1464 2874 1612 2947 Baiocas

559 2989 736 3083 obsideri,
755 2989 932 3062 accersitis
943 3013 1026 3062 curn
1036 3013 1099 3062 sua
1109 2991 1264 3087 equestri
1273 2991 1396 3064 militia
1411 2990 1612 3064 exdirersis

559 3106 753 3180 Galliarum
768 3105 962 3204 provinciis
981 3105 1117 3204 magnis
1133 3105 1351 3204 pedestrium
1375 3107 1505 3206 copiis,
1520 3129 1611 3204 quos

528 3230 531 3241 '
559 3223 699 3296 francos
711 3222 909 3320 sagittarios
920 3221 1113 3322 appeliant.
1132 3225 1211 3294 Ja'm
1227 3223 1343 3314 enirn,
1357 3236 1439 3323 post
1447 3221 1611 3324 proelium

558 3335 722 3412 habitum
746 3337 845 3439 apud
865 3337 1000 3411 dictam
1025 3339 1144 3413 villam
1168 3338 1451 3432 Forminiacurn,
1471 3337 1611 3410 deiece-

561 3470 641 3528 rant
656 3453 703 3528 ab
721 3454 840 3553 Anglis
852 3454 976 3527 omnia
989 3453 1129 3528 castella
1151 3480 1230 3552 quae
1244 3455 1282 3527 in
1299 3454 1420 3528 clauso
1436 3457 1611 3527 Constan-

561 3567 691 3641 tinensi
721 3582 984 3668 recuperarant.
1021 3569 1143 3642 Castra
1172 3569 1279 3665 igitur
1307 3585 1433 3642 contra
1469 3569 1611 3642 Baiocas

560 3683 675 3758 dictus
697 3709 817 3758 comes
841 3698 1006 3776 metatus,
1025 3685 1107 3756 licet
1121 3709 1252 3782 magno
1272 3684 1343 3757 illic
1362 3709 1515 3758 numero
1542 3690 1610 3756 An·

561 3800 642 3899 glici
654 3815 770 3875 essent
791 3813 827 3874 et
842 3825 957 3899 prope
973 3799 1071 3873 mille
1086 3815 1122 3874 et
1138 3802 1339 3900 quingenti,
1358 3815 1503 3895 tamen,
1522 3803 1611 3874 intra

603 4001 633 4060 t.
658 4001 816 4074 «Quorum
832 3995 967 4078 magister
979 3999 1047 4070 Ver,
1063 3997 1174 4057 comitis
1191 3997 1375 4059 Oxensordiae
1391 4017 1564 4080 germanus,
1577 4017 1612 4060 ex

562 4085 696 4161 cadomi,
712 4085 863 4148 muham
875 4085 967 4159 Goth,
982 4104 1020 4144 ex
1032 4085 1216 4160 Baiocarurn,
1236 4099 1265 4147 et
1282 4087 1424 4148 Henncns
1439 4087 1611 4168 Nordbery,

564 4197 602 4237 ex
618 4177 704 4236 Viris
722 4173 862 4255 presidiis
881 4187 1107 4254 assumptorum,
1127 4173 1215 4234 duces
1234 4188 1330 4235 erant:
1346 4195 1406 4235 non
1423 4176 1477 4235 iste
1498 4187 1613 4235 vocatus

564 4267 700 4348 magister
712 4268 770 4325 Ver
780 4264 900 4341 alicujus
912 4265 1058 4345 praeclaras
1074 4265 1142 4324 artis
1159 4266 1304 4344 professor
1314 4267 1432 4327 exstitit.
1449 4269 1490 4326 Ut
1502 4265 1611 4346 accepi,

564 4375 627 4416 mos
640 4355 800 4437 anglorum
815 4354 948 4430 inolevit,
963 4373 1001 4414 ex
1015 4354 1152 4434 preclaro
1162 4366 1192 4414 et
1204 4355 1312 4434 potenti
1325 4367 1431 4436 genere
1445 4368 1612 4436 pastorius,

563 4444 714 4504 nominare
725 4443 892 4525 magistros,
906 4462 1032 4522 namque
1048 4443 1146 4504 forsan
1159 4442 1292 4520 aliorum,
1308 4463 1345 4502 ex
1360 4443 1498 4523 sanguine
1512 4443 1614 4503 minori

565 4544 798 4615 procreatorum,
815 4533 846 4593 in
858 4531 935 4593 bello
956 4532 1085 4614 magistri
1100 4544 1129 4592 et
1146 4530 1278 4592 ductores
1290 4533 1463 4594 efficiuntur.
1481 4531 1615 4594 allebat

564 4620 701 4694 Blondel,
714 4621 766 4681 tib.
780 4626 832 4698 tt,
846 4643 873 4684 c.
888 4643 923 4685 rr.
