3892 5892
573 939 631 998 994
857 937 1114 997 ulsrouttuuu
1133 937 1269 996 cauom
1288 939 1340 996 Vll

572 1078 625 1151 et,
652 1076 691 1134 ut
713 1062 823 1160 ipsius
851 1061 992 1133 indoles
1014 1060 1252 1158 portendebat
1261 1053 1275 1144 ,⁴
1303 1083 1433 1156 magna
1463 1076 1502 1134 et
1532 1059 1642 1132 ardua
1745 1111 1746 1136 t

573 1179 665 1250 loret
681 1177 914 1250 verisimiliter
931 1175 1130 1266 subiturus,
1156 1177 1185 1248 si
1207 1177 1245 1248 in
1261 1177 1398 1248 virilem
1420 1177 1643 1248 excrevisset

571 1311 725 1389 aetatem,
744 1321 825 1395 spes
841 1321 915 1367 nou
930 1293 1073 1368 modica
1090 1296 1136 1368 de
1152 1321 1197 1368 eo
1213 1297 1356 1395 concipi
1375 1309 1528 1394 poterat
1543 1293 1642 1394 quod

572 1415 665 1511 ipse,
684 1438 769 1485 curu
786 1411 917 1483 auxilio
934 1410 1088 1482 aliorum
1105 1412 1310 1510 principum
1329 1410 1639 1498 christianorum,

573 1528 755 1625 potissime
791 1531 1009 1596 Francorum
1042 1524 1109 1596 sibi
1137 1525 1314 1622 adjunctis
1342 1526 1511 1617 viribus,
1546 1525 1641 1596 illam

572 1657 758 1716 cruentam
775 1641 946 1734 beatiam,
966 1641 1160 1713 lurcorum
1185 1643 1459 1740 imperatorem,
1479 1642 1531 1714 de
1551 1645 1640 1712 Gra-

573 1760 636 1829 ciae
652 1774 685 1831 et
701 1758 810 1828 totius
824 1761 974 1854 Europae
984 1755 1116 1830 iuribus
1131 1757 1301 1854 ejecisset.
1315 1757 1385 1828 Sed
1395 1781 1519 1849 secus,
1533 1749 1635 1828 heus!

573 1875 748 1947 divinitati
765 1872 916 1971 placuit,
936 1873 1070 1944 volenti
1095 1872 1214 1945 adhuc
1235 1872 1447 1970 (hominum
1468 1870 1639 1969 exigenti·

572 1990 642 2062 bus
666 1991 838 2088 peccatis)
857 1989 1135 2090 christianorum
1153 2003 1263 2061 terras
1284 2015 1348 2087 per
1366 1991 1455 2063 tales
1474 1985 1637 2060 infideles

574 2122 747 2202 tyrannos
764 2104 934 2201 flagellari
949 2118 987 2176 et
1004 2106 1129 2196 atteri,
1149 2129 1215 2203 pro
1233 2127 1339 2177 sacrae
1354 2107 1548 2204 potissime
1565 2099 1637 2172 reli·

573 2223 687 2318 gionis
703 2221 886 2318 neglectu3
905 2245 998 2318 que,
1015 2245 1098 2292 cum
1113 2220 1201 2292 olim
1222 2222 1258 2293 iu
1277 2245 1418 2294 summa
1435 2217 1635 2293 reverentia

574 2353 680 2434 atque
695 2337 938 2426 observantia,
952 2335 1151 2408 secundum
1162 2337 1307 2407 Domini
1316 2337 1514 2408 Salvator-is
1527 2330 1634 2406 nostri

573 2452 816 2548 evangelicam
841 2467 877 2524 et
899 2451 1133 2550 apostolicam
1158 2450 1361 2522 doctrinam
1386 2465 1499 2548 atque
1530 2445 1635 2520 tradi·

574 2568 729 2658 tionem,
749 2567 927 2640 coleretur
945 2567 1091 2664 passim,
1111 2591 1226 2656 nunc,
1247 2567 1340 2664 proh
1362 2566 1490 2638 dolor!
1515 2591 1537 2637 a
1559 2561 1634 2660 qui·

574 2682 713 2779 busque
731 2683 866 2780 absque
886 2681 959 2753 ullo
979 2680 1127 2787 delectu
1138 2680 1320 2772 irridetur,
1346 2695 1582 2780 oppugnatur
1602 2687 1632 2746 et

573 2805 743 2892 calcatur,
763 2816 799 2874 et
816 2801 947 2874 abillis
963 2802 1147 2898 potissime
1164 2800 1287 2898 (quod
1303 2801 1510 2874 sceleratius
1526 2815 1562 2872 et
1581 2795 1631 2868 di·

573 2918 710 2988 vinitati
743 2915 990 3013 displieibilius
1020 2916 1200 3012 exsistit),
1233 2919 1296 3014 qui
1328 2941 1408 2990 eam
1435 2913 1630 3016 religiosius

573 3029 754 3122 excolere,
772 3031 880 3104 tutari
897 3043 933 3100 et
949 3029 1143 3102 defendere
1159 3031 1421 3129 obligabantur.

622 3149 778 3216 Eventus
799 3159 919 3217 tumen
944 3145 1150 3242 hujusmodi
1176 3171 1249 3220 non
1276 3148 1450 3220 infaustus
1475 3153 1628 3244 uurguu

572 3261 724 3334 dionum
741 3262 826 3334 duci
840 3261 924 3354 luit,
936 3263 999 3360 qui
1010 3265 1374 3336 eumacerbissimoet
1385 3263 1628 3364 potentissimo

572 3371 675 3450 hoste
695 3377 876 3462 liberaum
896 3380 999 3475 cujus
1015 3381 1099 3452 satis
1109 3382 1344 3479 conspicuum
1358 3397 1434 3454 etat
1449 3381 1623 3460 Gerulum,

572 3519 693 3590 regem
705 3499 938 3584 Francorum,
952 3495 1094 3567 charius
1105 3495 1218 3584 lmdus
1228 3513 1391 3597 expetere
1404 3513 1439 3570 et
1451 3492 1621 3598 amplecti,

574 3625 632 3700 ut,
652 3609 859 3682 auxiliatore
876 3612 956 3703 tali,
978 3611 1101 3684 ulcisci
1117 3637 1154 3684 se
1170 3638 1238 3713 pro
1258 3629 1342 3686 voto
1359 3639 1426 3687 suo
1439 3617 1486 3688 de
1503 3613 1624 3690 eodem

573 3726 871 3819 Burgundionum
886 3725 978 3797 duce
990 3728 1176 3824 potuisset.
1192 3729 1261 3801 Sed
1278 3744 1409 3801 etcum
1427 3729 1464 3802 in
1478 3757 1519 3804 ea
1532 3739 1624 3831 parte
1744 3801 1745 3807 ,

570 3839 667 3914 idem
685 3847 902 3914 Francorum
920 3867 1003 3930 rex,
1023 3843 1123 3940 quod
1145 3845 1329 3944 cupiebat,
1353 3847 1501 3920 minime
1525 3849 1626 3918 inve-

572 3958 703 4047 nisset,
725 3983 800 4030 non
817 3959 952 4030 destitit
967 3975 1101 4048 tannen,
1115 3959 1332 4057 ubicumque
1347 3961 1414 4034 sibi
1431 3964 1624 4062 opitulatu-

571 4098 653 4142 rum
671 4074 844 4144 aestimare
858 4089 977 4172 posset
992 4090 1027 4146 et
1044 4075 1320 4174 undecumque,
1338 4078 1470 4151 ludera
1486 4079 1533 4150 ad
1551 4095 1622 4150 eam

570 4188 810 4261 intentionem
827 4205 1004 4288 expetere.
1027 4195 1116 4263 Nam
1136 4208 1170 4264 et
1194 4193 1327 4266 foedera
1344 4220 1428 4268 cum
1445 4199 1622 4268 Dacorum

571 4309 668 4399 rege¹
688 4319 821 4376 etcum
839 4305 1004 4404 pluribus
1025 4309 1115 4379 sacri
1131 4308 1270 4407 imperii
1287 4309 1501 4384 electoribus
1523 4326 1620 4408 atque

611 4556 639 4610 l.
663 4553 819 4616 christiern
833 4559 1029 4621 l“.1etraite
1043 4581 1113 4620 avec
1126 4581 1159 4620 ce
1172 4561 1215 4620 roi
1229 4575 1271 4621 est
1286 4562 1325 4622 du
1339 4566 1376 4622 27
1390 4564 1446 4624 mai
1461 4567 1548 4626 libb.
1565 4569 1620 4626 Du·
1743 4622 1744 4653 ,

570 4657 667 4718 mont,
683 4648 770 4722 Corpr
784 4651 1000 4728 diplcrrratiqttc,
1017 4665 1037 4710 l.
1057 4657 1117 4728 lli,
1135 4675 1163 4734 p.
1179 4657 1248 4716 239.
