3892 5892
576 923 635 980 28⁰
865 916 1118 975 mstouttautt
1136 913 1273 973 cauom
1292 914 1345 972 vn

937 1171 1190 1240 CAPITULUM
1214 1172 1274 1240 Xl.

629 1344 668 1396 De
679 1341 817 1396 clementia
830 1358 924 1413 magna
939 1338 1014 1392 ducis
1025 1339 1243 1412 Burgundionum
1257 1339 1292 1394 ud
1305 1336 1460 1394 Gandeuses
1470 1358 1581 1414 prorsus

970 1428 1056 1484 rictus
1065 1441 1092 1482 et
1105 1428 1229 1502 dejectos.

625 1578 696 1650 Sed
712 1576 905 1677 prudenter
920 1589 1027 1673 atque
1043 1578 1220 1676 sapienter
1238 1577 1365 1650 nolens
1386 1591 1459 1650 tam
1476 1578 1627 1674 insigne,

577 1705 650 1765 tarn
679 1690 908 1788 magnificum
931 1706 1080 1787 totoque
1101 1692 1188 1764 orbe
1209 1692 1402 1764 christiano
1431 1693 1628 1780 famosum,

577 1806 751 1906 oppidum
771 1805 1009 1903 exstinguere,
1037 1806 1133 1881 unde
1154 1806 1221 1878 sibi
1237 1821 1273 1879 et
1288 1808 1359 1878 suis
1377 1809 1496 1905 magni
1513 1807 1629 1879 lracte

577 1947 645 1994 nus
662 1936 768 2019 atque
785 1920 912 1994 uberes
927 1937 1212 2021 provenerantet
1222 1948 1296 1994 non
1311 1924 1466 1996 minores
1479 1924 1515 1994 in
1529 1937 1633 1995 antea

575 2035 710 2106 fructus
728 2034 918 2107 obventuri
935 2036 1182 2135 sperabantur,
1216 2038 1307 2110 iram
1332 2038 1543 2134 temperavit
1563 2037 1630 2108 cle·

546 2179 553 2191 ·
578 2152 731 2236 mentia,
759 2176 826 2224 nec
852 2167 965 2224 castra
988 2176 1052 2224 sua
1074 2177 1095 2223 a
1117 2154 1236 2252 priore
1259 2154 1341 2226 loco
1365 2155 1496 2242 movit,
1515 2153 1580 2226 sed
1597 2153 1630 2223 iu

578 2264 730 2356 eisdem,
761 2264 889 2337 diebus
918 2265 1112 2362 aliquibuS,
1140 2267 1312 2338 constitit.
1341 2267 1394 2338 Ad
1422 2292 1530 2366 quern
1553 2291 1634 2364 sup

577 2379 688 2478 plices
715 2395 767 2473 et,
796 2381 957 2477 quamtis
980 2407 1060 2454 sero
1094 2383 1269 2474 nimium,
1297 2381 1343 2454 de
1369 2382 1474 2454 rebus
1502 2395 1632 2454 temere

579 2501 758 2571 attentatis
774 2498 1036 2598 poenitudinem
1054 2515 1229 2598 gerentes,
1244 2501 1307 2597 qui
1323 2501 1395 2571 vivi
1410 2512 1631 2598 supererant,

579 2617 753 2687 miserunt
776 2615 911 2713 legatos
936 2617 1080 2688 veniam
1105 2617 1299 2715 precaturi,
1329 2615 1560 2714 ejusdemque
1583 2614 1634 2688 sui

579 2732 750 2830 principis
774 2729 1076 2818 misericordiam,
1096 2731 1243 2827 gratiam
1261 2756 1303 2803 ac
1324 2731 1630 2816 benevolentiam,

580 2861 620 2917 ut
642 2869 749 2940 super
773 2868 835 2914 eos
860 2867 940 2914 earn
963 2843 1134 2915 reducere
1160 2843 1384 2941 dignaretur,
1410 2844 1633 2943 postulaturi.

578 2964 695 3046 Quam
714 2960 862 3055 gratiam
879 2957 1235 3058 misericordiamque
1252 2962 1503 3033 eisclcroenter
1516 2961 1636 3055 elargi-

580 3089 637 3145 tus
654 3089 708 3146 est
716 3079 738 3162 ¹,
758 3072 841 3145 data
859 3072 1067 3145 criminibus
1084 3073 1323 3172 indulgentia,
1342 3102 1422 3174 quae
1441 3101 1507 3150 ncc
1523 3076 1632 3164 levia,

581 3217 648 3263 nec
668 3216 802 3290 pauca,
823 3188 886 3264 sed
904 3193 1109 3290 gravissima
1131 3207 1166 3264 et
1193 3192 1360 3292 perplura
1380 3195 1417 3266 in
1439 3193 1632 3281 incendiis,

581 3309 738 3382 caedibus
760 3327 796 3382 et
810 3310 963 3410 rapinis,
984 3307 1237 3402 seditionibus,
1256 3309 1512 3382 rebellionibus
1528 3323 1634 3410 atque

582 3425 661 3498 aliis
681 3427 786 3498 variis
813 3427 1068 3498 commiserant
1094 3426 1224 3498 modis.
1257 3430 1325 3498 Pro
1354 3428 1529 3500 nonnulla
1551 3449 1634 3498 vero

582 3541 800 3613 damnorum
823 3543 1138 3646 impensarumque
1161 3564 1182 3612 a
1206 3566 1244 3613 se
1273 3543 1309 3612 in
1341 3566 1385 3614 ea
1412 3542 1635 3640 expeditione

583 3658 755 3730 laetarum
789 3681 1038 3755 recompensa,
1074 3671 1316 3729 trecentorum
1348 3658 1444 3730 mille
1477 3657 1636 3730 leonum'

582 3796 724 3846 summa
749 3772 924 3871 oppidum
943 3773 1146 3863 mulctavit,
1173 3771 1389 3871 abstulitque
1412 3774 1462 3847 eis
1489 3772 1545 3844 vel
1570 3795 1633 3870 pro

584 3912 650 3959 suo
677 3902 767 3957 nutu
790 3884 989 3979 decurtavit
1009 3884 1190 3984 privilegia
1207 3885 1293 3959 olim
1311 3886 1424 3960 abeis
1442 3901 1632 3987 praetensa,

584 4016 619 4074 et
643 3999 836 4098 aliquando
854 4001 888 4069 vi
906 4000 1026 4097 potius
1052 4000 1108 4070 vel
1129 4015 1227 4072 metu
1255 4026 1276 4072 a
1300 4004 1371 4074 suis
1389 4017 1485 4075 retro
1506 4001 1636 4100 princi·

583 4117 709 4218 pibus,
726 4114 917 4188 comitibus
933 4114 1123 4204 Flandriae,
1135 4131 1291 4207 extorta,
1303 4142 1412 4215 quam
1426 4117 1540 4189 libero
1552 4141 1636 4190 cou-

584 4259 690 4308 sensu
708 4256 750 4304 ac
764 4230 1021 4305 rationabiliter
1039 4230 1175 4303 indulta
1190 4261 1199 4324 ;
1219 4258 1375 4330 quorum
1388 4232 1456 4306 sub
1470 4233 1633 4321 obtentu,

622 4436 652 4493 l.
675 4435 732 4490 Par
745 4431 774 4489 le
787 4429 869 4488 truite
890 4428 927 4486 de
947 4429 1043 4487 Gerre
1059 4430 1106 4501 (st
1130 4425 1226 4502 juillet
1245 4429 1341 4503 1⁴5³)
1358 4429 1429 4488 dont
1448 4429 1586 4488 Mattbieu
1601 4427 1636 4486 du

581 4523 691 4596 Coussy
706 4529 842 4595 rapporte
854 4517 882 4575 le
896 4528 989 4585 texte,
1005 4515 1077 4575 dans
1090 4515 1247 4594 Godelroy‚
1263 4536 1292 4596 p.
1310 4521 1367 4577 ott
1383 4531 1412 4594 ct
1423 4519 1498 4577 suiv.

622 4611 652 4666 2.
674 4605 809 4666 Munnaie
821 4605 885 4664 d’or
896 4608 913 4664 a
924 4604 1041 4684 l’effigie
1052 4603 1093 4663 du
1106 4603 1165 4664 lion
1178 4605 1215 4664 de
1228 4605 1360 4668 Flundre.
