3892 5892
533 915 592 996 iss
808 923 1293 994 arsroauauucanouru

532 1066 569 1126 et
579 1051 859 1151 inspicientibus,
877 1076 944 1150 pro
955 1029 1073 1149 culpis
1082 1065 1118 1123 et
1129 1049 1386 1124 offensionibus
1393 1073 1483 1147 quas
1493 1071 1588 1120 com·

533 1168 688 1257 miserat,
704 1168 861 1240 ostensui
878 1181 981 1238 esset.
993 1165 1101 1254 Quod
1118 1166 1233 1238 eidem
1248 1164 1332 1238 duci
1344 1164 1588 1242 verecundum

534 1281 637 1353 valde
660 1296 769 1378 atque
797 1279 1075 1378 ignominiosum
1106 1281 1211 1352 luisse
1238 1277 1428 1352 ferebatur.
1458 1276 1586 1366 Unde,

534 1395 615 1468 licet
631 1409 717 1467 tuuc
731 1415 813 1467 eam
829 1394 1062 1492 ignominiam
1079 1395 1168 1468 ferre
1183 1395 1298 1493 ipsum
1316 1392 1504 1465 necessitas
1515 1389 1590 1460 adi·

534 1524 654 1607 geret,
672 1534 753 1581 ‘non
777 1509 928 1581 dubium
949 1524 1068 1580 tamen
1095 1509 1182 1607 quin
1211 1508 1462 1603 magnanimus
1480 1505 1589 1603 ipsius

398 1631 402 1638 ’
533 1626 674 1699 animus
689 1624 805 1697 ultum
818 1625 862 1696 iri
879 1621 1096 1722 aliquando,
1111 1625 1139 1695 si
1156 1623 1300 1695 daretur
1317 1621 1588 1720 opportunitas,

533 1741 757 1830 intenderet,
776 1739 1096 1838 quemadmodum,
1115 1739 1268 1810 emensis
1286 1735 1517 1834 postmodum
1531 1734 1591 1806 ali·

533 1870 624 1953 quot
650 1855 776 1941 annis,
801 1857 938 1928 conctis
957 1853 1073 1953 palam
1094 1853 1229 1943 ellecit3
1259 1852 1305 1924 de
1330 1874 1404 1948 quo
1424 1874 1489 1922 auo
1507 1848 1588 1920 loco

533 1971 571 2042 in
588 1969 819 2068 sequentibus
834 1970 969 2068 aliquid
983 1969 1269 2068 perstringemus.

584 2086 700 2176 Unde,
719 2085 927 2157 intermissis
940 2109 1133 2184 parumper
1148 2083 1205 2154 bis
1224 2082 1420 2178 Anglicanis
1437 2079 1590 2152 seditio-

535 2199 641 2271 nibus
656 2214 692 2272 et
709 2188 843 2289 turbis,
860 2198 907 2271 ad
932 2225 989 2272 res
1003 2203 1222 2271 Francorum
1245 2195 1513 2295 prosequendas
1532 2221 1590 2268 re·

536 2327 729 2386 vertamur.

890 2573 1145 2642 carnutum
1171 2573 1228 2642 lV.

535 2761 639 2830 Quibus
649 2758 822 2812 hortamentis
834 2771 976 2828 questore·
986 2759 1052 2830 regii
1060 2760 1173 2832 aggmui
1183 2773 1245 2814 suut
1251 2759 1423 2825 Verconium,
1432 2773 1460 2812 ut
1471 2759 1593 2814 militiam

570 2847 648 2900 simul
658 2859 684 2900 et
696 2847 823 2899 tributum
836 2864 887 2919 pro
900 2846 982 2899 tutela
994 2846 1085 2916 patriar
1096 2864 1149 2900 sun
1160 2848 1314 2915 tolerareut;
1327 2860 1352 2900 et
1366 2845 1400 2900 de
1411 2847 1529 2920 ipsorum
1542 2843 1594 2899 de-

570 2935 689 2989 fensioue
699 2935 728 2986 in
741 2934 915 2990 connarium.

586 3120 779 3212 Postquam
796 3115 902 3212 igitur
913 3115 1005 3212 pulsi
1022 3115 1165 3187 fuerunt
1182 3115 1314 3214 Anglici
1330 3141 1371 3188 ex
1390 3116 1589 3213 Aquitania,

536 3244 572 3303 et
586 3231 662 3329 ipsa
675 3244 750 3301 tota
761 3229 797 3301 in
809 3230 900 3326 regis
910 3233 1127 3318 Francorum
1138 3229 1311 3302 ditionem
1321 3230 1481 3318 redacta,
1493 3255 1592 3302 anno

538 3345 683 3416 Domini
698 3369 883 3436 uuonan,
911 3347 1012 3416 initio
1034 3344 1181 3444 quidem
1205 3345 1289 3418 satis
1308 3345 1461 3442 benigne
1484 3361 1592 3442 atque

537 3461 740 3533 humaniter
756 3460 880 3559 populi
900 3460 1038 3533 illarum
1064 3474 1237 3533 terrarum
1262 3463 1401 3534 tractati
1427 3461 1588 3552 fuerunt,

537 3590 585 3665 et,
600 3575 907 3674 quemadmodum
920 3576 972 3646 eis
987 3575 1198 3673 promissum
1210 3577 1402 3664 exstiterat,
1415 3575 1590 3649 atalliiset

537 3690 694 3764 collectis
715 3690 918 3787 caeterisque
943 3691 1094 3786 angariis
1112 3691 1229 3788 primo
1245 3715 1344 3764 anno
1366 3691 1588 3776 abstentum,

537 3831 616 3904 quae
631 3807 668 3879 in
683 3805 760 3880 aliis
773 3804 870 3901 regni
888 3803 1048 3902 partibus
1062 3829 1205 3878 cursum
1220 3806 1294 3904 jana
1310 3831 1375 3904 per
1388 3829 1501 3879 annos
1516 3803 1592 3903 plu·

538 3923 663 4008 rimos,
679 3918 773 4018 proh
786 3915 911 3990 dolorl
930 3917 1130 3992 habuerant
1149 3934 1184 3992 et
1200 3920 1309 3993 callos
1321 3919 1591 4017 quodammodo

538 4035 775 4107 obduxerant.
794 4033 865 4104 Sed
883 4032 1082 4109 invidentes
1096 4045 1130 4106 ct
1142 4035 1351 4132 spoliatores
1367 4049 1404 4110 et
1412 4047 1592 4108 exactores

539 4148 637 4246 regui
661 4161 765 4218 tantae
778 4170 907 4220 eorum
925 4146 1081 4219 felicitati
1108 4171 1151 4220 ac
1178 4147 1349 4240 libertati,
1378 4147 1505 4221 callide
1530 4147 1593 4220 eos

538 4261 750 4336 adsimilem
766 4261 918 4333 aliorum
931 4260 1136 4334 servitutem
1153 4261 1330 4336 adducere
1348 4261 1590 4351 conabantur;

539 4395 575 4452 et
602 4377 760 4450 colorem
784 4379 1025 4475 exquirentes,
1043 4377 1111 4450 sub
1133 4403 1208 4474 quo
1230 4405 1291 4450 eos
1312 4378 1534 4474 vectigalium
1558 4391 1593 4450 et

538 4491 872 4591 collectarum-jugo
892 4489 1067 4588 subjicere
1089 4506 1253 4591 possent,
1275 4493 1387 4567 tallias
1406 4495 1457 4566 cis
1475 4495 1593 4592 impo-

539 4629 624 4681 nere
634 4629 717 4678 cum
731 4607 837 4680 certia
850 4604 1138 4705 impositionibus
1149 4605 1385 4681 iucboamut:
1400 4619 1595 4680 asserentes
