3892 5892
523 915 560 973 te
810 914 1068 975 HISTORIARUM
1085 918 1222 977 canon
1241 920 1293 975 VII
1341 982 1345 986 ,

521 1035 733 1135 perlustrare
756 1051 792 1110 et
815 1040 1009 1137 praesertim
1028 1039 1161 1136 regiam
1184 1038 1282 1113 illam
1298 1064 1401 1111 suam
1416 1040 1583 1137 insignise

521 1152 647 1224 simam
680 1153 895 1225 Parisiorum
925 1154 1104 1227 civitatem
1128 1171 1234 1251 atque
1259 1143 1582 1253 Sanctum-Diony·

521 1269 643 1357 sium¹,
664 1266 727 1339 ubi
751 1267 917 1341 diadema
937 1283 1190 1367 sceptrumque
1213 1268 1329 1366 regale
1352 1284 1581 1369 suscepturam

521 1396 615 1474 erat,
635 1384 806 1481 regnique
817 1383 947 1455 solium
963 1407 1237 1475 conscensurus,
1256 1386 1581 1485 Sanctum-Diony-

520 1498 613 1589 sium
639 1523 722 1571 cum
743 1524 809 1572 suo
826 1499 983 1571 exercitu
1008 1501 1120 1599 petiit.
1143 1504 1223 1589 Quo
1248 1500 1350 1594 mco,
1373 1525 1457 1574 cum
1474 1516 1581 1575 tante

521 1612 652 1687 militiae
669 1629 776 1713 atque
797 1616 964 1714 potentiae
977 1615 1023 1688 ad
1039 1616 1275 1689 resistendum
1292 1616 1457 1689 inefficax
1471 1631 1579 1708 esset,

521 1731 685 1823 etiamin
712 1756 799 1829 pace
821 1746 1005 1830 susceptus
1030 1746 1102 1818 est,
1121 1745 1228 1830 atque
1249 1732 1357 1827 inibi,
1377 1748 1416 1805 ut
1440 1733 1582 1831 regibus

520 1846 625 1917 novis
640 1846 751 1917 moris
766 1860 836 1936 est,
855 1861 1049 1919 coronatus
1060 1850 1083 1918 ¹.
1295 1932 1301 1942 ,
1393 1929 1397 1937 ¹
1446 1843 1448 1846 ’

570 1962 662 2032 Cum
681 1976 801 2033 autem
826 1961 896 2033 illic
922 1962 1078 2035 adstaret
1099 1986 1164 2062 per
1188 1962 1325 2061 aliquot
1349 1963 1446 2055 dies,
1474 1962 1581 2039 etiam

521 2059 736 2149 Parisiorum
753 2078 875 2150 civitas
899 2093 1076 2151 summata
1095 2095 1148 2151 est
1168 2093 1275 2177 atque
1297 2080 1518 2154 commonita
1542 2095 1583 2153 ut

522 2200 640 2289 regem
657 2217 762 2267 suum
774 2193 950 2290 suscipere
966 2194 1084 2291 eique,
1102 2207 1142 2266 ut
1157 2194 1314 2293 legitimo
1327 2190 1486 2293 'principi
1499 2220 1579 2285 suo,

520 2307 717 2403 ingressum
738 2308 823 2381 dare
839 2321 945 2405 atque
961 2332 1086 2407 parere
1104 2302 1219 2381 vellet.
1240 2310 1310 2382 Sed
1329 2334 1413 2381 cum
1430 2309 1502 2381 iilic
1526 2334 1581 2382 es·

476 2448 479 2455 ·
519 2436 599 2495 sent
619 2424 828 2498 Bethfordiae
850 2423 921 2497 dux
945 2440 981 2497 et
996 2450 1126 2522 magna
1142 2425 1337 2523 Auglorum
1356 2425 1583 2522 Burgundio-

475 2527 476 2546 *
520 2565 680 2639 numque
706 2542 885 2641 praesidia,
916 2556 1042 2638 spretae
1069 2557 1153 2614 sunt
1178 2566 1220 2615 ac
1243 2543 1351 2614 irrisae
1375 2541 1582 2638 hujusmodi

519 2658 776 2730 summatioues
802 2671 838 2729 et
864 2658 1094 2729 monitiones.
1124 2662 1243 2747 Quam
1269 2683 1346 2730 rem
1373 2659 1499 2733 Franci
1527 2659 1582 2730 iu·

520 2771 627 2869 digne
656 2771 825 2862 serentes,
850 2772 954 2844 simul
981 2772 1145 2843 nonnihil
1174 2775 1249 2871 spei
1282 2767 1457 2846 habentes
1483 2773 1583 2869 quod

519 2889 630 2977 cives,
657 2888 720 2984 qui
745 2911 898 2959 numero
920 2902 955 2958 et
986 2886 1118 2959 viribus
1152 2888 1269 2986 Anglis
1295 2904 1332 2961 et
1360 2889 1585 2987 Burgundio·

519 3000 624 3071 nibus
649 3000 754 3098 louge
778 3002 980 3099 superiores
1001 3016 1120 3086 erant,
1143 3002 1194 3073 eis
1210 3002 1258 3074 ad
1281 3018 1454 3076 conatum
1477 3019 1583 3101 atque

519 3115 736 3189 desiderium
756 3143 861 3192 suum
877 3117 1135 3217 perficiendum
1154 3118 1282 3191 fierent
1302 3120 1504 3217 adjutores,
1522 3121 1584 3217 ¹ag·

519 3232 627 3327 gressi
642 3247 725 3305 suut
742 3233 868 3306 urbem
889 3259 1118 3333 expugnare,
1145 3235 1392 3333 insultumque
1414 3235 1528 3308 iacere
1548 3250 1584 3308 et

520 3349 653 3420 vallum
683 3350 815 3422 intrare
844 3350 1079 3439 inchoarunt,
1111 3351 1306 3423 comitante
1334 3351 1481 3424 eosdem
1509 3352 1583 3423 imo

520 3478 555 3537 et
570 3480 751 3565 praeeunte
767 3470 906 3539 Joanua
923 3465 1060 3557 Puella,
1079 3449 1163 3538 cum
1182 3466 1274 3537 duce
1292 3466 1478 3539 Aieucouii
1496 3465 1589 3538 mul·

522 3582 637 3678 tisque
660 3583 763 3678 regiis
789 3584 982 3681 capitaneis
1003 3596 1039 3653 et
1061 3580 1215 3655 ducibus
1238 3581 1405 3654 militum.
1425 3581 1581 3674 Quibus,

520 3720 604 3770 cum
621 3698 646 3767 ii
662 3697 775 3793 quiin
793 3696 972 3769 moenibus
988 3711 1091 3768 erant
1107 3698 1358 3769 confertissimi
1372 3711 1481 3794 atque
1497 3695 1586 3769 deu-

519 3794 662 3901 ¹sissimi,
687 3812 734 3883 ad
750 3812 1019 3883 defendendum
1034 3837 1076 3883 ac
1095 3814 1398 3911 propugnandum
1414 3814 1582 3912 expediti,

520 3930 702 4027 petrariis,
723 3928 930 4019 tormentis,
946 3927 1082 4001 balistis
1111 3942 1147 4000 et
1166 3929 1244 4025 aliis
1264 3929 1409 4026 jaculis,
1438 3931 1585 4002 viriiiter

523 4043 721 4117 admodum
755 4044 975 4135 resisterent,
1009 4042 1130 4114 multis
1163 4069 1206 4115 ex
1237 4046 1323 4143 ipsis
1350 4042 1584 4117 insultoribus

521 4161 717 4259 peremptis
746 4159 802 4232 vel
831 4160 1013 4247 sauciatis,
1035 4159 1112 4256 ipsa
1126 4158 1233 4231 etiam
1252 4164 1393 4231 toanna
1412 4157 1532 4230 Puella
1547 4157 1583 4228 iu

522 4275 540 4346 s
539 4275 912 4374 emorejactubaiistae
925 4276 1129 4367 uulnerata,
1143 4274 1298 4347 frustrati
1314 4274 1587 4371 inefficacesque

564 4487 593 4543 ¹.
617 4488 657 4547 M.
673 4448 798 4563 [aperte
811 4482 851 4541 du
868 4482 949 4541 Theil
963 4500 981 4541 a
993 4480 1118 4561 suppose
1134 4480 1243 4539 ieiune
1257 4479 1464 4552 inexactitude,
1483 4478 1587 4539 meisi
1672 4560 1677 4572 ¹

527 4586 595 4633 tort.
610 4572 635 4632 ll
657 4573 782 4653 ignorait
796 4572 920 4633 l’aucien
935 4590 1024 4653 usage
1036 4570 1220 4631 d'introniser
1233 4569 1275 4631 les
1292 4570 1351 4630 rois
1368 4572 1386 4629 i
1403 4568 1587 4633 saint-Deuis

528 4664 612 4743 apres
626 4663 654 4724 le
668 4682 747 4724 sucre
761 4664 797 4724 de
810 4664 918 4727 Reims.
936 4666 1052 4723 Notr'ces
1070 4666 1120 4721 des
1135 4669 1315 4735 manuscrits,
1326 4674 1348 4721 t.
1364 4666 1391 4737 t,
1406 4682 1437 4741 p.
1454 4662 1524 4719 tit.
