3892 5892
727 904 837 960 cmm
856 904 1038 977 comtos.
1358 906 1411 965 rer

362 1025 530 1098 Ebrotcas
548 1049 585 1098 se
599 1025 769 1117 contulit,
794 1024 856 1097 ubi
881 1028 1004 1125 paucis
1021 1026 1243 1126 consumptis
1264 1024 1413 1121 diebus,

360 1142 501 1215 indeed
513 1144 779 1236 locumveris¹,
793 1141 838 1215 ab
853 1142 942 1215 urbe
952 1139 1176 1241 Rothomago
1185 1156 1322 1241 septem
1337 1166 1417 1242 par·

361 1257 414 1330 ris
433 1258 544 1331 leucis
568 1282 642 1331 non
665 1260 817 1359 amplius
837 1274 1034 1351 remotum,
1057 1284 1093 1330 se
1118 1257 1280 1331 contulit.
1304 1260 1416 1331 Porro

360 1397 443 1447 curn
457 1372 529 1447 ittic
542 1388 646 1467 esset,
664 1374 811 1474 quidam
826 1375 989 1472 Anglicus
1005 1372 1126 1464 miles,
1145 1374 1208 1471 qui
1222 1372 1365 1445 Gieortii
1382 1386 1418 1445 et

361 1489 674 1589 RupisGuidonis'
686 1491 885 1565 custodiam
895 1490 941 1563 ab
955 1491 1151 1589 Anglornm
1164 1514 1245 1589 rege
1255 1490 1417 1563 commis

361 1630 437 1677 sam
453 1604 623 1699 habebat,
638 1608 746 1683 rebus
761 1609 833 1680 suis
850 1605 1061 1699 consulens,
1080 1606 1255 1707 promisse
1270 1604 1336 1679 sibi
1354 1632 1418 1707 per

362 1746 481 1819 regem
495 1739 599 1797 certae
607 1725 813 1821 quantitatis
830 1724 988 1823 pecuniae
1000 1748 1120 1797 annua
1137 1724 1322 1823 pensione,
1333 1746 1416 1794 curn
1447 1792 1450 1799 .

360 1838 523 1913 custodia
539 1842 644 1913 castri
660 1840 967 1915 Sancti-Germani
983 1842 1027 1915 ad
1046 1844 1175 1939 Layam
1192 1863 1305 1941 prope
1323 1838 1417 1913 Peri·

361 1955 453 2050 sios,
473 1980 539 2055 pro
563 1978 635 2029 snae
658 1980 819 2057 personae
848 1957 974 2054 suique
999 1970 1109 2029 status
1131 1955 1336 2047 securitate,
1355 1952 1417 2026 Gi-

361 2072 461 2143 sortii
483 2087 518 2144 et
538 2074 628 2145 arcis
653 2073 822 2173 praefatre,
845 2098 924 2171 quae
946 2070 1077 2145 dicitur·
1096 2069 1416 2171 Rupes-Gnidonis,

361 2184 582 2261 deditionem
600 2188 714 2262 secit⁸.

413 2304 602 2378 Restabant
615 2306 859 2379 transflumen
874 2306 1065 2401 Sequanae,
1082 2328 1203 2377 versus
1216 2302 1419 2377 inser-iorem

363 2420 635 2512 Normennienr,
648 2435 804 2493 castrum
816 2420 1009 2492 Heric'uriae
1033 2433 1069 2493 et
1087 2434 1242 2493 castrum
1256 2417 1301 2491 de
1317 2422 1420 2493 Cams

362 2531 487 2607 bresiis
510 2550 546 2609 et
577 2536 787 2629 oximumt,
809 2562 905 2636 qnae,
935 2536 1022 2609 dum
1043 2562 1106 2609 rex
1130 2550 1220 2609 esset
1241 2535 1337 2635 apud
1355 2540 1421 2608 Lo·

264 2728 267 2737 ,
362 2653 561 2745 cumveris,
583 2651 720 2727 levibus
742 2650 1014 2747 obsidionibus,
1033 2651 1133 2726 nullo
1154 2676 1254 2751 paene
1275 2650 1419 2750 negotio

363 2780 425 2837 unt
440 2782 535 2839 certe
560 2768 723 2855 modico,
746 2769 960 2858 constricta,
980 2768 1018 2841 in
1036 2765 1256 2840 deditionem
1271 2766 1415 2866 recepit.

335 2872 348 2897 ⁹
410 2865 637 2959 Mandaverat
653 2899 774 2961 autem
789 2886 864 2987 ipse
878 2910 938 2959 rer
955 2884 1157 2976 Francisco,
1178 2882 1261 2957 duci
1283 2884 1419 2957 Britan·

362 3002 451 3096 nioe,
478 3004 540 3102 qui
566 3004 634 3077 sibi
658 3003 761 3077 vaide
785 3001 982 3077 benevolus
1016 3018 1052 3077 et
1080 3002 1420 3103 obsequentissimus

363 3129 458 3208 erat,
478 3132 653 3216 quatenus
668 3134 780 3192 terras
804 3118 980 3192 interioris
1003 3118 1230 3192 Normenuiae
1247 3144 1331 3193 cum
1348 3120 1421 3193 suis

308 3296 314 3309 .
363 3244 399 3303 et
426 3232 494 3320 eis,
524 3257 613 3332 quos
640 3231 709 3305 sibi
734 3232 882 3309 dederat
908 3260 991 3325 rex,
1018 3235 1130 3335 copiis
1156 3236 1417 3335 aggrederetur.

406 3466 435 3527 1.
457 3464 608 3525 louviers.

404 3556 435 3615 2.
456 3558 498 3615 Lr
509 3556 740 3635 Bothe-Geyer.

405 3650 435 3710 ³.
455 3649 594 3707 L'entenr
603 3644 731 3707 wntond
744 3645 782 3705 ici
795 3644 873 3705 deux
882 3644 1040 3725 capimines
1052 3640 1163 3726 anginis
1174 3645 1225 3725 qui
1236 3646 1323 3706 firent
1334 3648 1351 3703 1
1364 3664 1420 3725 pen

365 3738 431 3817 pres
450 3736 480 3796 ie
498 3739 593 3797 meme
609 3736 697 3799 chose
710 3780 719 3811 ,
733 3736 861 3797 nicumt
879 3736 917 3797 de
932 3736 1083 3815 Merbury,
1098 3738 1241 3818 cupitcine
1253 3736 1290 3798 de
1304 3738 1420 3811 Gisors,

364 3842 393 3889 et
405 3828 481 3889 John
496 3828 609 3903 Horret,
625 3828 766 3908 capimine
779 3827 817 3889 de
829 3826 1107 3907 unochenuyon.
1117 3834 1193 3889 'tous
1205 3828 1283 3889 deux
1295 3849 1325 3889 se
1340 3830 1423 3889 iirent

364 3918 453 3999 sujets
471 3918 509 3979 de
530 3918 649 3979 charles
664 3922 738 3979 vn:
758 3918 786 3978 ie
806 3918 942 3998 premier,
965 3939 1042 3998 pour
1058 3918 1157 3979 revoir
1172 3940 1217 3981 ses
1238 3920 1351 3979 ensents
1371 3918 1421 3997 qui

365 4006 479 4067 avaient
491 4009 538 4069 ete
555 4006 621 4067 taio
638 4006 835 4089 prisonniers;
846 4008 884 4067 'ie
900 4006 1026 4083 second,
1051 4028 1138 4087 purce
1157 4014 1294 4089 qn'eyrnt
1314 4008 1423 4089 promis

365 4093 486 4155 d’cbord
499 4096 537 4157 de
551 4115 583 4157 se
597 4094 704 4157 rendre
717 4095 790 4156 dens
806 4096 835 4156 le
847 4108 938 4157 terme
950 4095 988 4156 de
1001 4098 1106 4175 quince
1119 4098 1217 4171 jours,
1233 4097 1276 4157 s’il
1291 4115 1329 4157 ne
1342 4116 1421 4155 rece-

365 4184 425 4243 rrit
440 4205 492 4264 prr
504 4184 541 4247 de
555 4187 682 4260 renfort,
704 4187 732 4248 le
749 4186 806 4247 duc
823 4184 861 4246 de
878 4191 1041 4262 somerset,
1059 4186 1175 4245 instruit
1197 4184 1234 4245 de
1254 4197 1328 4245 cette
1351 4204 1422 4243 eon·

365 4274 501 4350 vention,
523 4296 637 4356 enroye
655 4276 706 4339 des
723 4296 794 4359 gens
812 4294 889 4355 pour
906 4274 1094 4336 i'assrssiner.
1119 4274 1194 4335 C’est
1211 4277 1228 4332 1
1247 4272 1373 4333 Ricbrrd
1387 4272 1424 4333 de

366 4360 504 4442 Mrrbnry
516 4382 575 4442 que
587 4364 631 4425 sut
641 4366 755 4427 donnee
767 4365 797 4425 ie
808 4363 994 4445 cepitrinerie
1003 4362 1040 4423 de
1053 4362 1327 4425 Saint-Gerrutinen
1335 4366 1423 4442 Lare.

366 4456 462 4530 voyez
476 4456 504 4512 J.
520 4454 661 4526 crater,
677 4451 919 4531 dadsGodefroy,
929 4472 959 4533 p.
977 4456 1035 4513 160
1046 4468 1075 4515 et
1088 4456 1157 4514 168.

405 4545 435 4603 1.
455 4544 511 4602 Les
526 4540 669 4602 cbttceux
680 4542 718 4603 de
726 4540 872 4603 Herconrt
885 4552 914 4599 et
927 4542 964 4601 de
975 4540 1157 4615 Chambrois,
1169 4540 1242 4603 ainsi
1253 4560 1310 4621 que
1320 4540 1348 4601 le
1358 4540 1425 4603 ville

366 4632 512 4694 d’Exmer.
