3892 5892
570 898 628 958 284
850 899 1104 960 utstotttxttntt
1124 899 1260 958 cauom
1279 899 1331 956 Vll

568 1022 728 1121 prolecto
747 1023 878 1096 mirum
903 1023 941 1096 id
957 1024 1068 1096 videri
1085 1023 1211 1116 debet,
1238 1047 1321 1096 cum
1347 1021 1464 1094 multo
1492 1017 1626 1118 majora

569 1151 606 1209 et
624 1137 802 1215 deteriora
827 1141 927 1212 omni
950 1140 1056 1212 statui
1083 1138 1273 1212 bominum
1295 1138 1349 1210 sui
1370 1136 1624 1236 delphinatus,

570 1269 643 1324 tam
670 1258 895 1330 ecclesiarum
921 1256 1072 1352 praelatis
1098 1279 1205 1352 quam
1235 1251 1417 1326 nobilibus
1442 1253 1571 1351 patriae
1596 1268 1628 1324 et

571 1368 735 1468 plebeiis,
756 1373 886 1444 damna
908 1371 1076 1442 intulerit.
1106 1370 1269 1442 Praelatos
1295 1369 1412 1462 enim,
1435 1368 1626 1466 quondam

570 1486 750 1557 civitatum
766 1502 801 1558 et
818 1502 991 1558 terrarum
1006 1510 1151 1558 suarum
1168 1485 1355 1575 dominos,
1373 1485 1489 1582 etqui
1506 1487 1545 1556 in
1562 1486 1627 1556 eis-

569 1599 652 1671 dem
673 1616 709 1672 et
724 1602 861 1698 magnis
878 1602 1062 1674 territoriis
1078 1599 1324 1673 omnimodam
1336 1599 1625 1696 jurisdictionem

568 1715 768 1805 habebant,
797 1718 869 1788 suis
899 1717 1067 1789 dominiis
1099 1731 1134 1788 et
1162 1715 1473 1813 jurisdictionibus
1505 1715 1563 1788 vel
1593 1715 1626 1784 iu

569 1843 645 1900 toto
658 1828 780 1902 aeliu
798 1845 898 1929 parte
914 1832 1087 1929 privavit,
1110 1830 1175 1902 sibi
1196 1829 1273 1902 fieri
1300 1828 1378 1901 illos
1403 1829 1573 1902 subditos
1594 1843 1627 1898 et

568 1944 735 2017 vassallos
751 1946 987 2044 compellens,
1006 1972 1162 2045 quorum
1180 1947 1234 2017 sui
1250 1944 1533 2044 praedecessores
1547 1943 1626 2016 sub·
1748 2023 1749 2030 ἵ

569 2056 633 2128 diti
649 2073 684 2129 et
700 2059 838 2130 vassalli
854 2085 930 2132 esse
947 2074 1223 2150 consueverant,
1243 2075 1278 2131 et
1288 2061 1367 2156 jure
1384 2061 1460 2158 ipse
1479 2059 1625 2132 debuis-

568 2187 632 2244 set.
659 2173 802 2252 Nobiles
825 2176 947 2275 putriae
972 2178 1010 2248 in
1027 2176 1133 2248 armis
1149 2188 1183 2247 et
1199 2175 1317 2273 equis,
1338 2178 1505 2271 quamvis
1529 2174 1623 2248 nulla

569 2288 606 2360 id
621 2306 829 2388 exposceret
844 2293 1045 2388 necessitas·
1058 2290 1230 2364 utiliusve
1245 2306 1401 2386 urgeret,
1419 2317 1517 2390 saepe
1534 2289 1625 2361 velut

569 2405 616 2477 ad
630 2408 892 2505 expeditionem
907 2407 1072 2479 bellicam
1087 2429 1309 2496 convocans,
1332 2421 1404 2478 tam
1421 2407 1625 2504 frequenter

571 2522 749 2618 fatigabat,
770 2537 810 2596 ut
822 2523 955 2598 nedum
970 2547 1109 2594 annuos
1124 2545 1207 2593 suos
1220 2537 1417 2620 proventus
1432 2547 1475 2594 ac
1492 2520 1623 2593 reditus

570 2663 797 2729 consumere,
816 2663 941 2711 verum
962 2638 1068 2710 etiam
1096 2637 1274 2709 interdum
1298 2638 1516 2735 patrimonia
1540 2657 1620 2722 sua,

571 2755 628 2826 vel
653 2759 855 2853 portionem
872 2778 973 2827 suam
989 2753 1169 2850 aliquam,
1188 2755 1224 2825 in
1247 2751 1455 2848 hujusmodi
1477 2748 1621 2825 servitiis

571 2871 757 2942 absumere
773 2885 809 2941 et
825 2868 1019 2940 distrahere
1032 2883 1256 2966 cogerentur.
1276 2869 1373 2956 Quid
1386 2894 1471 2940 vero
1487 2869 1537 2940 de
1550 2864 1622 2963 ple-

570 2983 678 3054 bibus
695 2984 823 3075 dicam,
843 3007 944 3080 quas,
965 3007 1048 3054 curn
1067 2998 1149 3055 ante
1172 3007 1235 3056 sua
1251 2998 1412 3082 tempora
1430 3009 1451 3055 a
1466 2984 1573 3058 talliis
1589 2993 1622 3051 et

571 3099 727 3172 collectis
753 3101 957 3198 caeterisque
984 3100 1199 3173 immanibus
1221 3101 1466 3192 servitutibus,
1492 3097 1621 3200 quibus

570 3238 720 3309 regnum
748 3220 964 3287 Francorum
980 3215 1084 3313 theus
1105 3216 1198 3315 prob
1218 3213 1360 3312 dolori)
1387 3215 1561 3290 serviliter
1585 3213 1618 3283 in

570 3331 784 3403 immensum
801 3330 1029 3430 opprimitur,
1048 3330 1167 3403 liberae
1184 3355 1259 3402 esse
1275 3333 1556 3420 consuevissent,
1575 3329 1618 3399 ita

572 3462 611 3518 ut
627 3448 741 3545 patria
756 3450 832 3546 ipsa
849 3450 933 3520 olim
950 3449 1001 3520 sic
1014 3446 1124 3520 libera
1134 3463 1170 3518 et
1185 3448 1370 3545 opulenta,
1390 3449 1483 3519 velut
1495 3448 1619 3520 hortus

570 3563 716 3659 quidam
733 3562 937 3635 deliciarum
957 3561 1123 3634 omnibus
1136 3584 1289 3661 peream
1302 3561 1615 3662 peregrinantibus,

569 3676 726 3774 plurium
752 3677 899 3749 aliarum
923 3677 1211 3776 comparatione,
1244 3702 1318 3749 esse
1344 3692 1556 3774 putaretur,
1583 3673 1616 3743 in

572 3806 705 3863 tantam
722 3793 856 3888 redegit
869 3793 1087 3880 servitutem,
1108 3807 1147 3863 ut
1163 3793 1239 3888 jam
1254 3818 1329 3865 non
1347 3793 1544 3866 absimilem
1559 3803 1611 3861 ca-

569 3907 764 3980 lamitatem
777 3908 952 3984 talliarum
969 3917 1246 4008 caeterarumque
1262 3907 1489 3980 exactionum
1502 3903 1616 3978 subire

569 4021 743 4115 habeant,
774 4047 882 4120 quarn
915 4021 1111 4093 miserrime
1139 4023 1324 4121 patiuntur
1348 4024 1461 4094 caeteri
1496 4013 1616 4120 populi

570 4138 782 4228 Galliarum,
802 4139 865 4235 qui
880 4135 947 4208 sub
968 4135 1118 4234 imperio
1140 4160 1181 4210 ac
1204 4137 1339 4211 ditione
1360 4117 1450 4236 regis
1467 4143 1615 4211 Franco·

570 4277 650 4322 rum
663 4252 810 4348 degunt.

618 4366 688 4437 Sed
705 4384 739 4439 et
755 4369 831 4465 ipse
846 4365 1063 4458 ludovicus,
1080 4364 1158 4462 qui,
1177 4365 1274 4437 velut
1288 4389 1309 4438 a
1328 4381 1454 4438 natura
1470 4383 1613 4465 pravum

570 4483 607 4554 in
620 4481 802 4580 pa'rcntem
815 4505 1011 4578 omnesque
1020 4480 1184 4554 homines
1195 4481 1354 4552 animum
1369 4499 1510 4578 gerens,
1524 4499 1614 4552 cum·

524 4621 528 4646 ¹
570 4597 653 4673 dem
677 4597 897 4671 dissimulare
912 4622 986 4671 non
1006 4599 1140 4698 potuit,
1160 4595 1369 4698 [sat]agebat
1393 4599 1430 4670 in
1455 4599 1531 4672 dics
1555 4591 1613 4670 rui·
