3892 5892
760 925 869 981 usna
889 925 1039 988 PRIMUS.
1388 926 1426 984 ³0

423 1048 693 1137 Verumtamen,
716 1047 806 1119 sicut
828 1072 870 1120 ex
888 1046 1191 1119 aurelianensium
1213 1046 1316 1117 ducis
1339 1070 1427 1119 nece

370 1184 478 1258 supra
498 1161 694 1249 retudimus,
715 1163 766 1234 sic
789 1186 831 1233 ex
850 1164 915 1235 ista
929 1162 1083 1234 maxima
1101 1162 1138 1233 in
1157 1162 1302 1259 regione
1320 1166 1428 1233 Fran·

371 1300 497 1348 corum
522 1278 678 1350 turbatio
701 1293 736 1350 et
764 1278 978 1352 detrimenta
1010 1294 1273 1379 provenerunt,
1299 1303 1427 1377 quem·

371 1390 570 1463 admodum
586 1407 627 1463 ut
642 1417 684 1465 ex
696 1394 788 1466 inira
799 1394 960 1466 dicendis
977 1394 1115 1492 liquido
1129 1393 1329 1493 apparebit.
1345 1394 1430 1466 Phi·

371 1507 488 1607 lippus
511 1532 661 1608 nempe,
683 1509 777 1581 filius
793 1510 882 1606 ejus,
905 1510 957 1581 vir
979 1511 1102 1607 utique
1124 1511 1245 1606 magni
1264 1512 1376 1583 animi
1394 1524 1430 1582 et

371 1624 407 1695 in
426 1622 547 1715 rebus,
565 1636 642 1696 tum
655 1623 761 1715 belli,
779 1639 856 1696 tum
873 1627 992 1723 pacis,
1008 1625 1300 1699 administrandis
1315 1642 1352 1699 et
1369 1651 1430 1725 ge-

371 1739 491 1813 rendis
508 1740 720 1834 industrius,
739 1755 812 1814 tam
827 1740 1009 1814 crudelem
1026 1766 1151 1815 necem
1168 1743 1278 1843 patn's
1295 1758 1331 1815 et
1346 1744 1432 1817 cha-

371 1856 499 1929 rissimi
515 1858 685 1954 genitoris
700 1858 755 1930 sui
775 1857 881 1929 nimis
898 1856 1044 1952 indigne
1063 1856 1199 1949 serens,
1216 1857 1359 1932 adeam
1376 1858 1432 1933 ul·

370 1973 572 2047 ciscendam
594 1973 826 2047 vehementer
854 1974 1016 2046 animum
1035 1973 1206 2061 intendit,
1236 2000 1275 2047 se
1303 1977 1433 2073 anglo·

371 2114 450 2160 rum
472 2090 544 2187 regi
568 2090 741 2188 copulans
761 2103 797 2161 et
818 2089 952 2161 foedere
970 2090 1175 2161 firmissimo
1196 2089 1431 2181 devinciens¹,

370 2203 453 2277 licet
472 2204 518 2276 ad
540 2230 665 2278 verum
686 2220 826 2279 constet
845 2207 895 2277 eis
912 2231 1100 2303 nunquam
1116 2220 1214 2280 tanta
1232 2210 1433 2306 praestitisse

371 2320 498 2393 auxilia
509 2321 678 2394 adversus
693 2326 861 2415 Francos,
875 2338 1009 2420 quanta
1021 2322 1121 2394 facile
1133 2325 1317 2423 potuisset.
1337 2329 1432 2397 Con·

372 2448 424 2506 tra
446 2460 509 2507 eos
525 2451 646 2510 tamen
664 2462 738 2509 non
755 2435 867 2509 modo
885 2436 974 2508 fines
993 2461 1078 2508 suos
1092 2451 1236 2510 strenue
1251 2437 1429 2532 defendit,

372 2576 495 2623 verum
513 2551 620 2627 etiam
642 2576 745 2649 agros
760 2568 795 2625 et
811 2568 921 2626 terras
938 2577 1086 2625 suorum
1103 2553 1333 2626 inimicorum
1353 2580 1434 2658 gra·

373 2666 475 2739 vibus
490 2690 582 2767 saepc
599 2668 821 2741 detrimentis
833 2684 941 2768 atque
955 2668 1097 2741 damnis
1113 2668 1243 2741 allecit.

421 2783 544 2878 Unde,
568 2810 650 2858 cum
668 2784 778 2857 doces
794 2784 959 2858 nonnulli
977 2809 1060 2856 curn
1077 2808 1209 2881 magno
1226 2786 1369 2882 agmine
1391 2784 1434 2857 il·
1503 2867 1506 2872 ,

372 2897 490 2971 lorum
516 2900 578 2999 qui
602 2902 799 2974 Armeniaci
829 2899 1056 2989 dicebantur,
1084 2900 1240 2998 aggressi
1258 2898 1433 3001 populare

373 3031 482 3089 terras
493 3040 588 3107 suas,
605 3015 652 3088 ad
670 3016 867 3089 Picardiam
883 3032 1079 3107 venerunt,
1099 3041 1214 3117 prope
1231 3016 1352 3090 villam
1368 3043 1433 3091 seu

372 3134 547 3234 oppidum
569 3134 897 3225 Sancti-Richarii¹,
912 3134 1123 3206 conflictum
1145 3134 1230 3204 satis
1253 3133 1434 3232 periculo-

372 3274 453 3323 sum
469 3250 607 3323 habuit.
625 3251 733 3348 Cujus
749 3250 833 3323 licet
848 3251 949 3323 initio
968 3248 1157 3346 ambiguus
1172 3263 1209 3321 et
1223 3272 1356 3348 anceps
1376 3250 1435 3323 iu-

373 3381 474 3439 turus
501 3365 682 3439 videretur
707 3366 841 3457 exitus,
867 3390 965 3437 nunc
983 3389 1073 3449 una,
1097 3388 1196 3435 nunc
1219 3362 1330 3435 altera
1351 3389 1433 3464 par·

374 3484 463 3555 tium
487 3482 642 3555 vicissim
663 3482 828 3555 hostibus
851 3481 980 3555 cedere
1006 3476 1276 3579 incipientibus,
1302 3480 1340 3552 in
1361 3479 1434 3553 line

374 3612 508 3687 tamen,
528 3622 613 3670 cum
628 3598 712 3670 satis
726 3621 858 3695 magno
874 3596 1036 3668 hostium
1052 3594 1202 3686 damno,
1223 3595 1338 3666 victor
1353 3620 1435 3667 eva·

373 3714 438 3806 sit,
463 3713 596 3785 eisdem
613 3714 744 3813 partim
772 3714 889 3802 caesis,
910 3712 1041 3813 partim
1062 3709 1147 3782 tusis
1163 3724 1199 3783 et
1217 3708 1284 3782 sibi
1299 3734 1365 3809 per
1381 3709 1436 3781 su·

374 3852 454 3927 gam
488 3829 723 3901 necessariam
756 3826 1042 3901 consulentibus.
1075 3829 1271 3923 Ferturque
1305 3826 1343 3896 in
1374 3823 1435 3898 illo

374 3944 500 4045 proelio
519 3944 620 4018 miles
634 3944 792 4033 allectus,
812 3970 897 4016 cum
911 3943 1049 4044 primus
1066 3941 1125 4015 ille
1141 3942 1330 4014 conflictus
1346 3938 1437 4013 soret

374 4060 410 4133 in
428 4085 502 4158 quo
518 4074 696 4132 armatum
711 4084 795 4131 euru
809 4058 1011 4133 interfuisse
1027 4056 1260 4154 contigisset⁸.

417 4211 444 4265 l.
467 4206 537 4266 Voir
552 4205 594 4265 les
608 4219 712 4264 termes
729 4204 879 4266 iuribonds
892 4204 929 4263 de
948 4224 982 4263 ce
995 4203 1079 4264 truite
1092 4206 1142 4275 (25
1163 4199 1318 4261 decembre
1335 4204 1437 4277 llll),

375 4296 525 4376 rapportis
545 4314 582 4354 en
599 4294 690 4374 partie
704 4294 818 4376 d’apres
837 4293 981 4374 l'original
1003 4293 1054 4353 des
1076 4292 1208 4353 arcbives
1221 4290 1258 4351 de
1271 4291 1365 4365 lille,
1385 4312 1440 4373 prr

376 4389 415 4445 ll.
433 4388 554 4463 Kervyn
567 4384 604 4443 de
619 4384 810 4458 lettenhove,
822 4386 993 4445 Histoirede
1003 4386 1139 4456 Flandre,
1150 4382 1171 4443 l.
1190 4384 1253 4442 XV.

415 4476 445 4531 2.
468 4474 587 4533 Bataille
602 4472 638 4533 de
652 4474 881 4553 saint-atquin,
898 4472 927 4531 le
941 4476 976 4533 31
994 4474 1063 4530 aodt
1080 4473 1169 4531 tm.

416 4566 445 4619 3.
468 4564 506 4621 ee
535 4561 714 4641 paragrapho
741 4573 785 4621 est
811 4562 905 4621 inse‘re'
931 4560 1004 4619 dans
1026 4559 1068 4619 les
1088 4564 1215 4617 Annales
1239 4564 1381 4621 Flandn'ar
1402 4560 1440 4621 de

376 4654 487 4729 Meyer,
503 4652 523 4710 l.
538 4656 617 4711 xvl.
