3892 5892
763 890 872 949 LIBER
891 890 1094 950 SECUNDUS.
1426 894 1465 953 85

401 1014 529 1087 discuti
553 1014 653 1107 fecit,
674 1027 710 1085 et
726 1010 771 1083 de
787 1038 830 1085 ea
848 1014 995 1086 materia
1013 1012 1133 1111 plures
1150 1014 1199 1087 ad
1224 1038 1308 1087 enm
1326 1014 1466 1089 libellos

400 1130 702 1229 conscripserunt.
724 1128 881 1224 Quibus,
903 1153 1026 1201 coram
1051 1130 1156 1201 certis
1179 1131 1302 1203 asede
1321 1146 1466 1231 aposto·

399 1246 467 1321 lica
492 1247 540 1321 ad
557 1244 851 1345 cognoscendum
873 1260 908 1318 et
925 1245 1165 1343 judicandum
1188 1248 1234 1319 de
1256 1247 1465 1344 hujusmodi

400 1365 548 1438 materia
566 1361 750 1461 judicibus
770 1360 959 1459 delegatis,
979 1361 1146 1435 exhibitis
1172 1377 1207 1435 et
1232 1378 1371 1438 mature
1386 1390 1467 1465 pen

398 1483 549 1582 spectis,
564 1507 628 1580 per
641 1480 789 1554 eosdem
802 1479 941 1576 judices
955 1482 994 1552 in
1006 1480 1239 1572 sententiam,
1254 1506 1364 1579 quam
1378 1483 1468 1555 dixi·

398 1621 497 1692 mus,
516 1598 647 1671 exstitit
663 1595 958 1689 condescensum,
978 1611 1014 1669 et
1030 1598 1223 1697 sententia,
1244 1614 1371 1673 contra
1386 1624 1467 1671 earn

397 1712 480 1787 data
495 1712 563 1785 sub
582 1711 777 1810 Anglorum
793 1712 967 1812 imperio,
989 1728 1123 1786 cassata
1138 1728 1174 1785 et
1186 1736 1365 1788 revocata.

446 1828 631 1903 Mirahitur
653 1830 772 1902 forsan
792 1827 937 1925 aliquis,
958 1830 987 1901 si
1005 1854 1025 1901 a
1042 1835 1121 1903 Deo
1135 1832 1243 1904 missa
1260 1846 1354 1922 erat,
1373 1856 1466 1929 quo·

397 1946 509 2019 modo
521 1946 572 2019 sic
596 1947 676 2045 capi
692 1960 729 2018 et
744 1944 927 2043 suppliciis
951 1944 1046 2017 allici
1064 1928 1240 2044 potuerit,
1259 1948 1324 2021 sed
1346 1947 1467 2019 nullus

396 2061 566 2136 admirari
591 2061 853 2134 rationabiliter
876 2062 1030 2161 poterit,
1051 2064 1207 2160 quisine
1231 2064 1303 2137 ulla
1328 2064 1466 2137 baesita·

397 2178 495 2251 tione
513 2178 627 2250 credit
643 2186 805 2249 sanctum
820 2192 1026 2249 sanctorum
1041 2179 1240 2251 Dominum
1254 2194 1290 2252 et
1305 2179 1465 2252 Salvato-

395 2320 473 2367 rem
490 2311 672 2387 nostrum,
696 2307 838 2367 sanctos
857 2293 1051 2392 prophetas
1072 2310 1108 2365 et
1137 2295 1319 2393 apostolos
1342 2320 1364 2369 a
1389 2300 1466 2367 Deo

396 2408 523 2481 missos
540 2409 588 2483 ob
600 2410 806 2482 doctrinam
821 2408 1081 2482 salutisetlidei
1092 2412 1231 2509 Deique
1242 2410 1467 2483 voluntatem

396 2523 604 2599 hominibus
637 2524 894 2599 insinuandum
920 2539 956 2598 et
985 2524 1325 2621 evangelizandum,
1358 2527 1467 2597 variis

394 2642 611 2717 cruciatibus
628 2658 664 2715 et
678 2640 861 2741 suppliciis
877 2641 1044 2730 allectos,
1063 2640 1272 2743 triumphali
1282 2642 1467 2739 ‚martyrio

394 2756 489 2831 hanc
506 2759 616 2833 vitam
641 2757 774 2831 finiisse
797 2758 1011 2849 mortalem3
1031 2783 1145 2857 quum
1170 2758 1280 2830 etiam
1306 2756 1466 2853 legamus

393 2875 431 2947 in
444 2882 555 2951 veteri
564 2883 793 2951 Testamento
808 2875 985 2975 populum
1003 2876 1250 2963 israeliticum,
1265 2899 1289 2947 a
1304 2878 1382 2946 Deo
1389 2874 1466 2970 jus·

392 3017 472 3063 sum
484 2992 771 3067 Chanauaeorum
790 3005 912 3089 gentes
930 2993 1217 3065 exterminasset
1238 3004 1365 3063 contra
1380 3015 1466 3063 suos

392 3104 514 3181 hostes
536 3124 572 3183 et
594 3109 765 3183 idolatras
781 3132 960 3206 pugnare,
979 3120 1052 3180 tam
1066 3122 1215 3208 propter
1232 3131 1297 3179 sua
1317 3122 1464 3206 peccata

392 3236 454 3295 aut
472 3223 620 3323 alicujus
638 3226 746 3307 etiam
758 3248 802 3295 ex
816 3224 899 3312 eis1,
918 3223 1113 3321 aliquando
1124 3222 1397 3322 praevalentihus
1413 3225 1465 3296 eis

392 3336 579 3433 hostibus,
598 3342 769 3414 cecidisse
785 3348 820 3412 el
839 3338 1027 3412 corruisse.
1046 3339 1135 3426 Quis
1152 3340 1250 3416 enim
1266 3342 1366 3411 novit
1384 3364 1464 3411 sen·

392 3479 473 3531 sum
488 3456 657 3549 Domini,
676 3470 738 3529 aut
753 3456 833 3553 quis
856 3453 1081 3527 consiliarius
1106 3454 1183 3550 ejus
1200 3454 1291 3524 suit?
1309 3458 1390 3525 Non
1409 3467 1463 3525 ta-

393 3596 477 3645 men
504 3573 553 3645 ita
584 3571 658 3645 haec
690 3572 866 3662 dicimus,
901 3571 1002 3669 quod
1035 3569 1199 3642 eamdem
1233 3568 1459 3660 lohannam,

392 3688 504 3761 modo
522 3712 631 3787 quem
649 3688 804 3761 diximus
831 3713 875 3760 ex
891 3687 961 3760 hac
985 3687 1115 3759 misera
1136 3686 1208 3757 vita
1224 3700 1458 3785 praereptam,

392 3806 643 3905 apostolorum
655 3821 717 3879 aut
729 3820 937 3878 sanctorum
952 3820 1151 3903 martyrum
1165 3803 1317 3875 velimus
1326 3802 1464 3874 meritis

392 3944 597 4020 coaequare,
616 3922 680 3997 sed
695 3920 796 4019 quod
815 3921 963 3994 minime
979 3919 1215 4018 repugnantia
1230 3933 1292 3991 aut
1308 3918 1401 3989 inter
1423 3942 1462 3990 se

393 4034 675 4137 incompatibilia
695 4052 921 4138 reputamus,
942 4051 977 4110 et
1002 4036 1146 4136 quoda
1173 4040 1273 4128 Deo,
1304 4032 1351 4106 ad
1375 4032 1461 4104 sub·

393 4155 612 4229 veniendum
629 4180 741 4253 regno
755 4170 789 4227 ct
806 4156 903 4252 genti
915 4160 1135 4227 Francorum
1154 4152 1323 4224 adversus
1338 4150 1461 4223 hostes

392 4293 478 4341 suos
512 4270 698 4369 anglicos,
727 4272 791 4370 qui
807 4287 904 4346 ,tunc
926 4296 1078 4369 regnum
1105 4271 1224 4367 ipsum
1249 4266 1460 4363 gravissime

383 4386 675 4485 opprimebant,
701 4389 749 4463 ad
772 4390 935 4489 ipsorum
951 4394 1173 4462 Francorum
1191 4370 1461 4483 anglorumque

436 4626 464 4681 l.
487 4626 529 4682 Ia
542 4621 679 4705 symetrie
692 4622 729 4683 de
747 4624 775 4685 la
787 4624 893 4705 phrase
907 4620 1047 4699 exigerait
1059 4640 1144 4699 quam
1157 4623 1291 4696 alicujus,
1306 4632 1361 4681 etc.
