3892 5892
762 907 873 966 mm
890 905 1060 980 Qumrtts.
1372 905 1431 964 m

376 1025 549 1122 majorem
574 1043 712 1127 partem
737 1026 900 1119 tradidit,
933 1028 1004 1101 alia
1026 1025 1236 1113 ,earumdem
1264 1024 1433 1124 portione

375 1141 422 1216 ad
442 1142 612 1220 tutandos
632 1145 859 1218 Normanniae
882 1143 972 1218 fines
993 1145 1112 1218 relicta
1136 1157 1171 1216 et
1193 1166 1258 1241 per
1284 1163 1431 1214 omnem

375 1259 591 1332 maritimam
605 1283 707 1332 oram
719 1259 878 1356 ejusdem
894 1260 1080 1334 collocata.

425 1371 675 1468 Aggredientes
695 1374 816 1472 itaque
832 1375 967 1473 praefati
992 1375 1140 1446 comites
1160 1372 1432 1444 Claromonten·

373 1485 422 1558 sis
447 1501 483 1560 et
515 1489 711 1576 Dunensis,
746 1513 830 1562 cum
858 1489 979 1561 multis
1004 1489 1228 1562 militissam
1261 1486 1432 1584 equestris

375 1627 485 1701 quam
506 1607 612 1680 etiarn
632 1605 805 1705 pedestris
827 1603 996 1697 ducibus,
1014 1605 1182 1677 ducatum
1201 1603 1302 1676 dictae
1319 1625 1433 1702 espe-
1485 1641 1490 1648 ·

374 1721 539 1807 ditionis,
559 1721 689 1818 bugios
703 1737 740 1794 et
755 1725 936 1793 Vascones
950 1721 1103 1792 muitum
1118 1732 1339 1809 terruerunt,
1358 1718 1432 1791 imo

371 1835 446 1932 jam
472 1860 515 1908 es
541 1836 635 1910 fama
661 1860 781 1908 rerum
807 1835 844 1906 in
874 1835 1093 1908 Normannia
1127 1847 1305 1931 gestarum
1336 1833 1433 1904 velut

376 1951 526 2049 pavidos
566 1967 672 2051 atque
705 1951 877 2024 attonitos
916 1950 1016 2024 facite
1054 1963 1091 2022 et
1129 1950 1264 2048 absque
1291 1971 1433 2044 ‚magno

376 2067 521 2164 negotio
532 2065 760 2162 subegerunt.
776 2069 867 2137 Sunt
884 2066 1113 2139 intercutem
1129 2062 1283 2165 oppida,
1301 2087 1380 2161 quae
1395 2062 1432 2134 in

376 2179 427 2250 eis
443 2180 545 2252 terris
567 2179 669 2276 tngti
689 2178 932 2278 occupabant,
952 2180 1027 2252 duo
1049 2179 1228 2278 praecipua
1246 2177 1294 2251 ad
1317 2178 1432 2276 ripam

377 2291 547 2365 Giruudae
572 2293 730 2366 fluminis
755 2294 841 2386 sita,
871 2295 965 2366 inter
990 2292 1116 2366 urbem
1144 2291 1373 2389 burdegalam
1397 2307 1434 2364 et

378 2435 489 2503 mare,
506 2411 670 2484 videlicet
683 2413 840 2484 Βουτώ*
854 2427 891 2486 et
905 2412 1034 2508 Blaye,
1054 2437 1134 2510 qum
1150 2411 1258 2484 veluti
1276 2409 1434 2482 fluminis

377 2527 528 2619 ostium,
563 2517 648 2600 cum
677 2525 749 2601 iilic
784 2529 961 2624 ingressus
993 2550 1034 2599 ex
1067 2527 1158 2598 man'
1195 2525 1251 2600 vel
1285 2522 1369 2596 inde
1395 2521 1435 2595 fit

376 2669 537 2742 egressus
564 2644 609 2718 ad
646 2669 765 2734 mare,
798 2669 979 2720 asservare
1011 2660 1047 2718 et
1079 2645 1220 2718 munire
1248 2641 1431 2734 videntur3

376 2760 508 2858 quibus
531 2759 678 2851 habitis,
706 2761 806 2834 facile
827 2777 878 2834 est
902 2785 967 2860 per
988 2761 1123 2834 flumen
1144 2785 1165 2834 e
1187 2759 1289 2834 terris
1309 2757 1365 2830 vei
1387 2755 1435 2830 ad

377 2891 488 2948 terras
514 2877 609 2974 ipsas
641 2878 904 2976 navigationem
927 2891 984 2967 et,
1018 2901 1083 2977 per
1106 2876 1195 2968 boc,
1221 2873 1434 2948 commercia

376 2991 543 3064 inhiberi.
566 2992 618 3065 td
634 2993 709 3065 hac
724 2995 831 3091 igitur
848 2993 1064 3085 obtinenda,
1083 2991 1180 3065 velut
1197 2989 1313 3063 claves
1332 3011 1435 3087 quas·

377 3103 459 3177 darn
483 3107 684 3203 aperieudoe
706 3105 924 3202 burdegalae,
952 3106 1085 3206 praesati
1116 3103 1293 3206 principes
1320 3116 1435 3175 castra

376 3221 572 3317 successive
586 3234 796 3320 postrenum.
815 3220 956 3309 Quibus
972 3221 1072 3293 duris
1093 3218 1341 3292 obsidionibus
1357 3241 1435 3292 ma-

376 3333 636 3432 chinarumque
658 3359 701 3408 ac
729 3335 963 3434 petrariarum
996 3332 1240 3424 tunsionibus,
1268 3333 1435 3406 simulet

378 3449 655 3522 necessariarum
665 3473 786 3521 rerum
798 3449 922 3547 iuopia
932 3447 1035 3522 brevi
1046 3461 1206 3546 tempore
1217 3447 1432 3533 constrictis,

376 3562 424 3635 ad
441 3562 662 3637 deditionem
678 3563 876 3637 faciendam
889 3563 1075 3637 obsessos¹
1089 3577 1281 3660 coegerunt
1294 3565 1317 3633 ¹.

428 3684 600 3752 Putaruut
623 3679 816 3778 aliquando
842 3680 976 3778 anglici
997 3695 1034 3754 et
1056 3685 1235 3754 Vascones
1258 3675 1436 3778 quosdam

377 3819 422 3867 ex
451 3799 670 3869 Francorum
699 3795 888 3887 militibus,
919 3797 983 3895 qui
1004 3797 1096 3872 duce
1114 3797 1245 3870 comite
1270 3793 1432 3884 nervat,

378 3914 451 3984 acri
474 3927 511 3984 et
534 3927 681 3984 strenuo
708 3911 817 4004 duce,
847 3911 937 3985 fines
961 3911 1163 4010 Burdegalae
1189 3909 1432 4001 incursabant,

332 4003 336 4015 ’
378 4027 587 4125 intercipere
613 4041 648 4099 et
672 4025 870 4114 debellare,
904 4031 1137 4126 exieruntque
1167 4027 1213 4102 de
1241 4025 1436 4124 burdegala

378 4138 453 4212 duo
478 4142 535 4214 sei
559 4143 626 4215 tria
649 4143 759 4216 miliia
782 4158 1002 4217 armatorum
1027 4167 1135 4244 super
1156 4167 1230 4216 eos.
1255 4142 1325 4216 Sed
1349 4167 1435 4216 cum

419 4357 450 4414 t.
470 4357 715 4435 beurgum-Mer.

420 4443 450 4500 ἲ.
477 4441 603 4502 Obsessis
616 4443 688 4504 dans
700 4445 728 4502 le
740 4444 905 4506 manuscrit.

421 4533 451 4594 ³.
472 4534 515 4590 La
534 4531 719 4609 capitulation
740 4531 778 4591 de
796 4531 885 4610 Blsye
901 4545 946 4592 est
961 4532 1003 4592 du
1020 4535 1059 4592 st
1081 4533 1138 4592 mai
1159 4535 1233 4592 tttt
1257 4546 1286 4593 et
1303 4533 1377 4594 erile
1397 4533 1435 4594 ds

381 4619 680 4700 song-sustracto
695 4622 746 4681 2⁹.
