3892 5892
526 954 584 1018 208
807 961 1066 1020 ntsmmtutut
1085 963 1220 1022 canon
1239 965 1293 1023 vtt

429 1148 433 1157 .
527 1084 806 1177 misericordia¹3
825 1100 871 1158 et.
885 1087 957 1176 sic,
977 1087 1077 1181 juxta
1101 1085 1312 1162 sententiam
1336 1087 1430 1160 beati
1456 1089 1583 1161 lacobi

527 1201 696 1298 apostoli,
712 1202 887 1297 judicium
911 1200 944 1272 ei
961 1202 1039 1273 sine
1059 1203 1298 1275 misericordia
1314 1203 1492 1276 redditum
1507 1218 1580 1296 est,

526 1315 588 1412 qui
619 1315 694 1387 aliis
723 1316 1003 1388 misericordiam
1028 1340 1102 1387 non
1127 1315 1275 1404 fecerat,
1311 1335 1346 1390 et
1373 1319 1435 1416 qui
1463 1317 1582 1413 gladio

527 1432 659 1503 multos
685 1445 924 1530 percusserat,
949 1429 1068 1526 gladio
1090 1447 1125 1503 et
1150 1433 1248 1531 ipse,
1271 1435 1373 1529 juxta
1391 1433 1582 1505 Salvatoris

527 1570 674 1635 vocem,
700 1547 816 1643 periit.
840 1550 965 1616 Fuerat
987 1547 1084 1616 enim
1101 1545 1211 1620 saerus
1226 1547 1423 1619 admodum
1446 1561 1482 1618 et
1498 1570 1580 1617 cru-

526 1660 615 1733 delis
631 1661 668 1732 in
686 1665 859 1751 Francos,
880 1657 977 1731 unde
998 1660 1045 1732 ad
1062 1659 1226 1732 ultimum
1242 1686 1366 1760 parem
1388 1660 1456 1731 sibi
1473 1661 1579 1731 etiam

527 1776 640 1847 vicem
656 1773 863 1846 retulerunt.

574 1890 665 1962 Talis
680 1891 787 1985 igitur
801 1889 882 1962 linis
897 1889 963 1963 luit
980 1889 1131 1964 domino
1149 1892 1194 1964 de
1218 1891 1370 1964 Tulebot.
1390 1897 1473 1981 Quo
1489 1916 1581 1964 caeso

528 2004 676 2101 fusoque
698 2005 852 2076 exercitu
868 2030 952 2095 suo,
970 2006 1145 2104 reliquiae,
1165 2032 1243 2104 quae
1259 2032 1440 2106 superesse
1457 2022 1583 2105 potue-

407 2172 409 2175 -
526 2135 628 2212 rant,
648 2120 740 2194 intra
756 2120 932 2219 oppidum
946 2123 1167 2196 Castellionis
1189 2123 1373 2195 obsessum
1392 2122 1525 2219 majore
1538 2150 1580 2195 ex

526 2248 627 2331 parte
653 2250 690 2306 se
715 2251 946 2334 receperunt,
971 2234 1031 2306 tali
1050 2235 1187 2332 refugio
1213 2235 1393 2307 districtos
1417 2237 1453 2306 in
1482 2259 1582 2308 suam

527 2373 651 2421 necem
668 2348 803 2447 gladios
819 2350 1022 2422 evadentes.
1045 2349 1219 2421 Pedestris
1235 2364 1356 2422 autem
1378 2350 1440 2446 qui
1455 2349 1584 2422 subse-

526 2463 702 2560 quebatur
728 2465 919 2554 exercitus,
940 2463 1062 2536 audita
1083 2463 1290 2561 hujusmodi
1312 2465 1432 2558 clade,
1457 2466 1585 2562 suique

528 2580 630 2653 ducis
647 2596 682 2653 et
700 2581 843 2677 majoris
859 2581 1162 2679 pauisequesnis
1186 2581 1317 2653 militiae
1333 2591 1374 2652 ac
1392 2561 1585 2653 nubilitatis

530 2697 777 2794 peremptione
807 2696 984 2785 exterriti,
1018 2693 1148 2794 pedem
1175 2709 1271 2766 retro
1296 2694 1507 2785 referentes,
1536 2698 1583 2768 ad

527 2811 671 2906 propria
687 2809 903 2904 refugerunt.
923 2809 1159 2882 Postmodum
1174 2834 1281 2902 vero,
1301 2809 1391 2882 infra
1409 2810 1582 2900 biduum,

527 2921 661 2994 obsessi
686 2946 748 3020 spe
771 2917 887 2994 s'olatii
912 2921 1228 3019 subventionisque
1248 2924 1508 3022 consequenda
1524 2925 1586 2997 de-

526 3037 658 3130 stituti,
683 3039 861 3136 victorum
888 3037 1035 3110 arbitrio
1066 3037 1192 3138 oppidi
1221 3037 1441 3114 deditionem
1470 3040 1585 3114 iacere

527 3151 644 3222 eoacti
659 3156 773 3225 sunt'.

575 3267 669 3337 lneo
681 3268 808 3365 proelio
825 3268 967 3357 Franci,
984 3275 1189 3342 constanter
1204 3286 1238 3341 et
1251 3283 1394 3342 strenue
1406 3283 1586 3370 exspecta·

527 3381 589 3474 tis,
607 3397 647 3453 ut
659 3382 832 3476 diximus,
847 3383 1031 3478 hostibus,
1053 3383 1280 3456 dimicarunt.
1303 3384 1481 3483 Praecipue
1501 3410 1585 3457 vero

460 3501 466 3512 ‘
527 3496 873 3571 commendabantur
888 3499 1016 3572 milites
1032 3523 1074 3570 ex
1091 3497 1270 3570 Britannia
1283 3499 1481 3592 Armorica,
1493 3521 1586 3596 quos

567 3758 597 3814 l.
620 3753 707 3813 Selon
728 3773 786 3814 une
802 3753 925 3814 relation
943 3755 1031 3815 ecrite
1055 3755 1083 3815 le
1101 3753 1315 3814 surlendemain
1336 3755 1374 3816 de
1398 3755 1425 3814 la
1446 3753 1583 3827 bataille,

530 3870 543 3894 ι
560 3843 604 3902 lut
616 3843 686 3902 ledit
701 3841 842 3902 'lbalebot
861 3843 916 3902 mis
932 3847 949 3901 a
967 3857 1043 3902 mort
1057 3863 1111 3922 par
1125 3863 1164 3904 un
1178 3843 1303 3914 arehier,
1323 3841 1418 3922 lequel
1436 3841 1479 3902 lui
1498 3840 1585 3901 baille

526 3932 614 3992 d'une
628 3933 713 4011 espec
727 3951 781 4011 par
796 3933 836 3992 mi
850 3933 878 3990 le
892 3932 1076 4007 londement,
1091 3933 1239 3992 tellement
1251 3931 1357 4010 qu’elle
1374 3931 1463 3991 uuida
1477 3949 1529 4010 par
1545 3930 1584 3988 mi

526 4021 555 4082 la
574 4041 675 4102 gorge.
694 4047 707 4072 ι
733 4021 883 4097 (ΒίὀὶἱοιΙι.
910 4023 948 4078 de
968 4011 1075 4078 tdcote
1091 4024 1142 4079 des
1162 4022 1292 4096 clartes,
1317 4035 1335 4083 t.
1363 4025 1421 4094 111,
1444 4023 1474 4078 2·
1488 4020 1583 4094 serie,

526 4130 557 4189 p.
573 4113 660 4184 tto).
684 4116 724 4170 La
741 4111 856 4168 version
875 4109 1101 4170 denehardo
1121 4111 1264 4190 complete
1288 4131 1336 4169 ces
1362 4110 1458 4168 diveas
1478 4109 1584 4168 temni-

526 4219 649 4279 gnages:
664 4226 677 4252 ι
688 4199 730 4258 lut
740 4199 857 4258 atteinte
868 4198 958 4277 d'ung
968 4219 1044 4277 coup
1055 4189 1091 4258 dt
1103 4199 1269 4258 coulevrlne
1283 4199 1310 4256 la
1320 4199 1485 4276 haequenee
1499 4197 1585 4256 d’ice·

525 4287 577 4365 luy
593 4287 723 4364 Talebot,
737 4287 884 4346 tellement
902 4287 1009 4366 qu'elle
1022 4287 1109 4347 cheat
1121 4287 1299 4346 incontinent
1317 4299 1396 4346 toute
1416 4299 1508 4346 morte
1533 4305 1586 4364 par

526 4390 603 4436 terre
613 4399 622 4449 ;
638 4389 667 4434 et
682 4395 719 4435 en
728 4394 850 4434 mesmes
863 4387 956 4453 temps
968 4375 1099 4450 Telebot,
1111 4396 1162 4436 son
1178 4376 1303 4450 maistre,
1318 4375 1360 4436 lut
1370 4376 1505 4436 renverse
1516 4375 1586 4435 des-

526 4486 594 4528 sous
604 4489 612 4539 3
623 4466 717 4544 lequel
734 4467 778 4524 lut
789 4465 968 4525 incontinent
979 4466 1027 4524 tue
1039 4481 1092 4543 par
1099 4465 1242 4544 ¹quelques
1251 4464 1389 4524 archiers.
1404 4491 1417 4516 ι

566 4557 597 4617 2.
619 4559 660 4612 La
677 4552 793 4613 bataille
811 4553 849 4612 de
860 4552 999 4614 castillon
1013 4566 1063 4612 eut
1075 4552 1134 4612 lieu
1151 4553 1179 4611 le
1199 4556 1236 4611 l'l
1254 4553 1359 4627 juillet.
1386 4555 1428 4610 La
1444 4551 1523 4631 place
1538 4551 1580 4610 sut

527 4642 639 4704 rendae
650 4662 709 4701 aux
721 4643 856 4720 Francus
869 4643 897 4703 le
909 4641 1073 4704 lendemain
1087 4645 1137 4702 tt.
