3892 5892
543 899 561 956 c
821 891 1083 953 msroaraauu
1103 893 1316 972 csaouvn

543 1042 657 1110 mam,
674 1040 754 1117 quae
774 1031 810 1089 et
825 1016 922 1116 ipsa,
943 1031 983 1090 ut
1000 1017 1177 1116 pleraque
1194 1017 1347 1090 soeminae
1366 1017 1528 1112 nobiles,
1546 1018 1615 1092 alti

542 1151 579 1208 et
601 1134 722 1232 magni
746 1133 857 1205 animi
881 1146 978 1220 erat,
998 1134 1148 1232 contigit
1164 1133 1321 1232 quadam
1345 1135 1442 1225 vice,
1461 1136 1555 1208 dum
1572 1137 1614 1208 in

542 1250 674 1350 palatio
688 1249 799 1350 regali
812 1248 954 1324 choreis
967 1264 1006 1322 et
1019 1249 1186 1343 lasciviis,
1201 1251 1388 1324 nocturnis
1401 1251 1476 1349 jam
1491 1251 1612 1344 horis,

542 1367 664 1468 plures
683 1385 758 1442 tam
773 1367 841 1441 riri
853 1389 965 1465 quam
981 1365 1136 1441 soeminae
1151 1391 1344 1466 procerum
1364 1392 1407 1440 ac
1427 1367 1615 1442 nobilium

544 1512 588 1560 ex
603 1509 704 1560 more
720 1509 798 1558 sese
813 1498 1032 1577 recrearent,
1050 1498 1090 1557 ut
1104 1482 1410 1558 Aurelianensium
1426 1484 1514 1580 dux,
1528 1489 1612 1586 qui,

544 1599 593 1675 ut
605 1602 689 1675 satis
710 1599 889 1673 famosum
911 1611 997 1670 tunc
1022 1597 1237 1691 habebatur,
1258 1598 1305 1673 ad
1325 1625 1472 1674 omnem
1494 1601 1614 1676 ferme

543 1718 839 1819 speciosissimam
855 1715 1063 1806 mulierem,
1082 1714 1181 1788 velut
1194 1741 1308 1814 equus
1324 1716 1453 1816 aliquis
1467 1719 1615 1792 emissa-

544 1836 619 1907 rius
631 1829 883 1922 adhinniebat,
895 1830 933 1902 in
949 1829 1111 1930 quodam
1128 1829 1251 1904 abdito
1265 1833 1400 1930 palatii,
1416 1832 1529 1932 ipsius
1540 1832 1613 1906 do·

545 1951 651 2022 minae
663 1947 819 2044 vestigiis
828 1946 1029 2035 insidiatus,
1043 1962 1097 2042 et,
1116 1961 1156 2020 ut
1171 1972 1236 2021 sua
1250 1949 1487 2023 aestimatione
1500 1975 1615 2049 repu-

545 2065 663 2157 tabat,
677 2063 749 2137 loci
760 2087 803 2139 ac
813 2064 987 2162 temporis
1000 2063 1308 2163 opportunitatem
1318 2081 1459 2160 nactus,
1471 2089 1552 2139 eam
1562 2067 1615 2140 de

545 2193 671 2279 stupro
696 2203 760 2251 seu
789 2178 966 2252 adulterio
998 2178 1208 2252 sollicitarit.
1236 2180 1303 2252 Cui
1329 2179 1453 2254 sceleri
1477 2205 1616 2279 magno

545 2295 669 2369 animo
690 2294 866 2367 resistenti
884 2294 957 2367 vim
973 2294 1082 2368 etiam
1103 2293 1234 2367 inferre
1251 2309 1425 2369 attentare
1444 2319 1616 2394 prasum-

548 2411 648 2512 psit¹.
657 2413 776 2499 Quam
786 2407 954 2508 injuriam
966 2433 1058 2508 aegre
1068 2409 1176 2482 nimis
1186 2422 1223 2482 et
1237 2409 1342 2482 anxie
1352 2409 1483 2503 serens,
1495 2425 1536 2483 ut
1550 2437 1616 2508 ge·

548 2553 678 2604 nucea
691 2543 799 2627 atque
823 2528 1053 2626 magnanima
1074 2523 1241 2618 domina,
1260 2527 1400 2625 optimo
1417 2541 1454 2601 et
1471 2526 1617 2602 ardenti

550 2671 673 2721 amore
686 2648 764 2719 viro
778 2670 845 2718 suo
856 2643 1070 2741 conjuncta,
1083 2643 1119 2717 vi
1130 2644 1271 2745 repulsa
1283 2657 1321 2716 et
1331 2642 1488 2718 nefando
1502 2645 1617 2744 ipsius

422 2822 428 2831 .
549 2760 702 2834 adulteri
718 2760 910 2835 conamine
925 2757 1096 2857 depulso,
1115 2759 1246 2831 seviro
1262 2783 1329 2832 suo
1345 2759 1510 2860 protinus
1525 2784 1617 2858 que·

549 2877 663 2950 relam
679 2875 853 2948 Iacurram
869 2871 916 2946 de
930 2887 1029 2947 tanta
1046 2873 1175 2971 injuria
1186 2875 1405 2949 comminata
1420 2889 1491 2964 est3
1511 2875 1617 2974 quod

551 3006 589 3065 et
612 2991 728 3065 facere
750 3015 826 3063 non
851 2988 1028 3063 obmisit¹.
1047 2991 1110 3064 Vir
1130 3006 1249 3065 autem
1270 2993 1366 3091 ejus,
1392 2993 1456 3092 qui
1481 2993 1617 3094 etipse

546 3108 689 3208 juvenis
704 3105 841 3206 (adhuc
857 3109 954 3181 enim
970 3107 1045 3180 dux
1060 3107 1248 3209 Philippus
1267 3126 1370 3210 pater
1385 3110 1496 3212 ipsius
1510 3111 1616 3186 vive-

477 3305 485 3320 ,
550 3221 628 3323 hat)
638 3238 674 3296 et
687 3222 937 3321 magnanimus
951 3239 1048 3318 erat,
1062 3225 1174 3324 etqui
1188 3251 1264 3300 non
1278 3226 1453 3326 imparem
1469 3227 1615 3326 conjugi

551 3365 625 3414 sue
656 3340 803 3413 referret
829 3364 1009 3433 amorem,
1035 3340 1170 3413 mirum
1199 3340 1236 3412 in
1265 3339 1417 3414 modum
1442 3339 1616 3444 adversus

551 3455 737 3558 praelatum
761 3455 1007 3553 injuriatorem
1030 3455 1067 3526 in
1089 3455 1178 3528 iram
1195 3469 1303 3554 atquc
1318 3455 1444 3530 odium
1465 3458 1613 3552 exarsit,

552 3571 696 3671 conjugi
709 3595 782 3645 suae
798 3595 931 3672 magno
944 3586 1169 3646 sacramento
1187 3571 1384 3671 pollicitus,
1402 3571 1503 3671 quod
1519 3573 1617 3648 hanc

592 3841 623 3898 t.
643 3839 778 3894 Wautoes
789 3831 883 3894 bruits
899 3846 951 3896 ont
965 3852 1057 3894 couru
1071 3853 1122 3896 sur
1133 3835 1163 3896 ln
1170 3853 1257 3898 cause
1269 3837 1307 3897 dc
1317 3837 1347 3899 la
1359 3837 1447 3899 haine
1459 3837 1501 3900 du
1511 3838 1569 3899 duc
1578 3837 1617 3900 dc

551 3932 724 4007 Bourgogne
736 3942 812 4004 pour
824 3922 853 3982 le
861 3921 917 3982 duc
926 3921 1089 4009 d’ere'ans.
1107 3923 1241 4002 Gelai-ci,
1256 3927 1371 4008 d'apres
1384 3947 1443 3989 une
1455 3928 1617 4008 chronique

549 4017 587 4079 de
600 4014 725 4076 uanos
737 4011 923 4086 manuscrits,
937 4012 1033 4072 aurait
1043 4014 1175 4074 soufflert
1188 4019 1259 4076 Jean
1273 4037 1339 4078 sans
1354 4021 1431 4078 Peur
1444 4019 1552 4079 derant
1560 4039 1616 4079 son

549 4109 621 4188 perc
639 4129 647 4164 r
668 4132 683 4160 κ
700 4116 731 4164 et
740 4103 800 4162 lors
812 4103 864 4180 luy
879 4102 924 4162 lut
936 4101 981 4161 dit
994 4121 1052 4181 que
1063 4121 1096 4163 ce
1112 4105 1200 4164 sarcit
1213 4125 1271 4166 une
1283 4107 1431 4167 mauvaise
1445 4104 1526 4167 butte
1539 4125 1618 4187 pour

549 4195 660 4277 luyqui
673 4193 775 4255 l’aroit
786 4191 894 4253 donne.
912 4217 927 4246 ι
941 4191 1012 4252 Voir
1023 4209 1057 4252 ce
1066 4211 1186 4274 passage
1195 4206 1225 4252 et
1236 4192 1363 4254 d’autres
1377 4193 1552 4276 hypotheses
1564 4213 1618 4254 sur

548 4285 577 4347 le
592 4288 687 4345 meme
699 4284 774 4359 suist
789 4281 861 4342 dans
877 4281 1024 4342 l’Hr'stor're
1041 4283 1077 4340 de
1094 4285 1219 4342 Flandrs
1232 4283 1268 4344 de
1288 4288 1329 4344 Μ.
1352 4287 1476 4364 Kervyn
1497 4283 1534 4344 de
1548 4287 1616 4344 Iaet-

548 4373 696 4449 tenhore,
712 4373 765 4432 liv,
780 4375 864 4432 xm.

589 4466 620 4522 2.
641 4467 717 4521 Tout
733 4458 984 4542 cequiprtoede,
998 4463 1016 4520 a
1029 4461 1120 4541 partir
1134 4460 1171 4520 de
1183 4481 1245 4520 cum
1259 4473 1354 4518 autem
1366 4459 1619 4536 tatenr,etc.‚r

549 4554 595 4614 ete
606 4551 663 4611 citt
676 4549 895 4611 textuellement
907 4569 961 4630 par
975 4553 1016 4610 at.
1032 4553 1076 4609 De
1092 4549 1122 4609 la
1133 4553 1219 4610 Porte
1234 4547 1368 4610 du'Iheil
1386 4547 1458 4610 dans
1482 4568 1536 4610 son
1555 4547 1618 4608 md·

549 4641 641 4704 ιιοίιο
651 4639 877 4722 sur'dmclgard.
888 4645 1035 4702 Nott'ccset
1044 4641 1175 4700 Batraits
1188 4641 1240 4700 des
1250 4644 1457 4716 manarum.
1466 4641 1493 4716 1,
1500 4657 1531 4720 p.
1540 4639 1615 4698 ttt.
