3892 5892
718 881 829 940 LIBER
846 882 1028 955 QUARTUS.
1344 890 1403 947 225

355 998 503 1097 contigit
525 998 704 1075 dominica
719 1004 778 1079 die
794 1009 956 1106 proxime
976 1012 1155 1107 sequenti,
1182 1012 1292 1085 modo
1315 1039 1404 1112 quo-

354 1114 438 1188 dam
455 1114 605 1192 mirabili
623 1132 658 1191 et
669 1121 809 1217 penitus
821 1122 999 1223 insperato
1012 1179 1022 1216 ,
1037 1122 1230 1200 hocmodo
1247 1129 1403 1224 ejusdem

355 1229 452 1304 urbis
468 1232 686 1307 deditionem
704 1234 780 1309 fieri
792 1239 865 1337 regi
880 1244 1109 1315 Francorum.

702 1525 957 1596 CAPlTULUM
981 1528 1056 1597 XX.

395 1705 435 1760 De
451 1704 630 1762 commotione
648 1708 743 1783 populi
763 1708 983 1851 Replbomagensir
999 1723 1091 1767 contre
1108 1713 1226 1786 Anglos,
1247 1726 1272 1768 et
1290 1716 1364 1771 urbis

826 1796 953 1855 editione.

400 1969 492 2038 Cum
507 1966 604 2039 enim
622 1950 713 2039 e'sset
739 1965 916 2065 populus,
934 1967 1025 2041 hora
1046 1992 1117 2067 qua
1143 1972 1330 2045 missarum
1352 1996 1410 2047 so·

352 2080 484 2153 lemnio
507 2079 584 2153 lieri
598 2097 879 2173 consuevemnt,
897 2074 967 2182 per
984 2083 1147 2159 ecclesias
1163 2085 1261 2160 urbis
1276 2086 1410 2161 effusus

354 2210 389 2267 et
411 2197 592 2295 dispersus
603 2203 626 2285 ¹,
645 2219 772 2269 eorum
786 2198 924 2297 plures,
942 2198 1043 2273 facte
1060 2222 1082 2272 a
1101 2224 1139 2272 se
1155 2202 1410 2299 conjurationis

352 2310 505 2398 conscii,
520 2326 617 2383 metu
628 2334 670 2384 ac
681 2336 815 2411 pavore
830 2312 1029 2385 incredibili
1043 2311 1268 2388 tenebantur.
1286 2317 1409 2391 Nullus

353 2427 450 2499 enim
465 2426 676 2501 addubitare
691 2427 798 2502 debet
811 2429 969 2528 quodsi,
984 2453 1066 2527 rege
1079 2454 1154 2503 sese
1168 2446 1203 2504 et
1216 2433 1408 2507 exercitum

352 2646 418 2707 dem
431 2646 603 2728 cognomine
614 2646 681 2707 ttofi
689 2650 739 2722 (Le
748 2649 845 2721 ttoux)
853 2646 931 2729 apud
944 2668 1108 2730 supremam
1120 2650 1220 2711 Karoli
1235 2650 1408 2727 majestatem

350 2737 459 2797 celeres
477 2757 591 2817 gressus
610 2749 764 2796 maturent.
783 2762 797 2789 u
813 2736 923 2796 ttoben
938 2738 1077 2812 Blondel,
1093 2739 1113 2801 l.
1135 2744 1196 2813 111,
1211 2762 1237 2800 c.
1253 2760 1312 2801 xrv.
1329 2744 1409 2803 Cette

350 2826 531 2899 ambussade,
542 2828 592 2905 qui
605 2827 713 2887 n'arait
723 2827 785 2888 rien
801 2828 837 2887 de
851 2829 977 2904 sen‘eux,
993 2829 1036 2887 sut
1046 2848 1102 2889 une
1116 2849 1284 2891 manoeuvre
1298 2830 1409 2891 duduc

347 2936 424 2996 pour
435 2937 467 2977 se
475 2917 660 2977 muscanea
673 2936 731 2977 une
743 2917 856 2977 emente
869 2936 1015 2979 survenne
1027 2918 1055 2979 le
1064 2919 1227 2979 lendemain
1241 2919 1277 2979 de
1292 2920 1407 2981 l'eutre-

348 3005 426 3086 prise
448 3006 498 3066 des
518 3008 673 3085 Francais:
693 3032 705 3059 ι
721 3006 865 3085 Deinceps
878 3020 993 3085 postera
1007 3006 1089 3079 luce,
1105 3006 1210 3087 vulgus
1230 3006 1353 3067 maxime
1375 3008 1406 3067 in

348 3096 443 3173 copia,
452 3094 627 3154 inflammato
640 3094 727 3154 corde
741 3114 840 3167 ruens,
849 3093 929 3153 velut
939 3094 1122 3173 perterritum
1137 3096 1337 3177 urgentissimo
1347 3095 1407 3155 cla·

349 3200 431 3240 more
439 3180 541 3240 ducem
555 3182 592 3241 de
605 3182 784 3256 Sombrenet,
798 3182 873 3240 inl'ra
882 3200 1024 3241 amoenam
1039 3182 1119 3242 urbis
1131 3183 1249 3241 domum
1261 3198 1406 3243 construe-

348 3282 419 3343 tum,
429 3270 608 3351 nonlongea
617 3271 707 3330 muris
719 3282 853 3344 stantem,
864 3270 1042 3349 aggreditur,
1052 3272 1194 3349 patefacto
1202 3274 1299 3331 Gallos
1313 3292 1404 3331 arms·

348 3370 392 3418 tos
405 3378 464 3418 non
478 3358 515 3418 ad
527 3359 620 3437 spolia
636 3358 717 3417 urbis
730 3355 886 3436 rapienda,
901 3376 1003 3417 verum
1022 3358 1059 3416 ad
1075 3358 1200 3418 hostium
1216 3359 1404 3435 dejectionem

347 3448 518 3509 intrasse...
539 3453 582 3508 Ac
599 3447 675 3521 dux,
692 3459 725 3506 ut
738 3446 871 3526 princeps
886 3444 1027 3504 modestia
1041 3457 1215 3525 temperatus
1231 3465 1265 3505 ac
1279 3446 1309 3505 in
1323 3445 1404 3525 vulgi

346 3536 539 3597 commotione
565 3535 712 3616 prudens,
738 3534 850 3593 animos
875 3532 975 3613 populi
1001 3533 1045 3593 ira
1072 3547 1100 3593 et
1126 3547 1249 3593 tremore
1277 3535 1403 3593 concitos

346 3626 474 3685 mulcere
495 3637 524 3685 et
547 3624 663 3705 placore
685 3621 846 3694 arbitrans,
868 3622 952 3681 dietis
968 3620 1161 3682 blandissimis
1182 3622 1401 3682 tumultuantem

345 3716 460 3795 plebem
484 3713 692 3792 alloquitur....
716 3712 773 3775 Sed
794 3732 860 3771 cum
880 3711 1021 3791 populum
1043 3710 1251 3771 inexorabilem
1271 3710 1401 3784 videret,

344 3807 488 3866 concitum
507 3826 609 3865 eorum
629 3805 757 3863 furorem
778 3804 888 3863 evitare
905 3815 934 3861 et
953 3802 991 3862 nd
1010 3801 1127 3862 heroem
1147 3801 1184 3861 de
1200 3800 1314 3859 Tolelot
1326 3799 1401 3859 infra

344 3909 469 3956 castrum
478 3916 559 3955 suam
566 3913 731 3975 personam,
743 3892 781 3951 ab
791 3891 967 3971 impendenti
978 3890 1106 3971 periculo
1119 3880 1258 3969 ereptam,
1269 3890 1401 3948 conferre

345 3986 461 4061 rolens,
477 4006 583 4065 equum
601 3984 737 4045 aseendit.
760 3983 912 4062 Extemplo
930 3980 1047 4060 quidam
1065 3982 1137 4041 civis
1153 3980 1259 4039 lanifer
1274 3976 1399 4057 gmderii

344 4071 407 4133 lora
419 4074 608 4153 apprehendit
623 4086 653 4132 et
669 4092 776 4152 equum
792 4072 866 4131 sistit
884 4070 1091 4131 ambulantem.
1107 4074 1174 4131 Dux
1189 4085 1260 4127 vero
1273 4065 1401 4125 infensus

345 4161 510 4221 exclamat:
531 4161 633 4221 «Vide
651 4160 723 4242 quid
741 4173 878 4233 attentes,
897 4160 927 4220 in
945 4159 1104 4238 principem
1125 4155 1277 4234 sacrilegas
1298 4172 1399 4213 manus

345 4249 459 4307 mittens
469 4246 477 4309 l
487 4276 501 4302 ι
516 4254 553 4309 At
564 4252 680 4329 inquit:
700 4280 714 4305 ι
727 4256 760 4311 ln
777 4264 826 4309 tua
836 4268 959 4330 persona
976 4247 1086 4306 nullam
1101 4245 1247 4305 laesionem
1262 4242 1398 4323 potieris5

345 4336 396 4397 sed
416 4350 543 4399 retentus
567 4340 712 4415 manebis,
734 4340 843 4415 donec,
864 4356 929 4417 quae
945 4336 1085 4417 petimus,
1108 4332 1194 4394 nobis
1213 4332 1397 4393 concesseris.
1515 4410 1522 4423 ’

344 4430 404 4487 Nec
417 4440 522 4487 nostrre
535 4428 615 4487 urbis
632 4430 834 4500 eversionem,
853 4446 908 4486 nec
922 4438 1087 4486 nostrorum
1106 4422 1263 4485 liberorum
1280 4422 1399 4482 exitium

343 4518 480 4578 volumus
491 4531 667 4597 exspectare.
685 4545 700 4572 ι
719 4519 779 4591 lrl.¹
795 4517 866 4575 ibid.

368 4611 414 4671 0¹.
437 4612 479 4668 Le
493 4607 646 4667 dimanche
660 4612 698 4669 19
715 4606 834 4667 octobre
848 4608 938 4666 llll.

425 4726 438 4765 r
1244 4705 1282 4761 tt
