3892 5892
733 873 843 932 nmen
865 871 1036 947 Qumrus.
1346 869 1403 932 ser

356 1020 431 1070 non
453 1022 520 1095 pro
542 1018 607 1068 sua
622 993 771 1066 utilitate
788 1009 850 1067 ant
867 994 940 1067 fisci
955 997 1235 1092 sutaugmento,
1254 991 1317 1064 sed
1341 1015 1407 1090 pro

356 1136 482 1186 eorum
512 1110 692 1184 dumtaxat
718 1109 831 1182 salute
863 1135 982 1207 regem
1012 1109 1083 1184 boo
1105 1111 1269 1183 consulto
1294 1108 1409 1182 secere

356 1225 464 1312 velle,
484 1240 541 1311 ut,
556 1225 602 1297 de
614 1224 862 1322 hujuscemodi
878 1225 1056 1324 pecuniis,
1075 1249 1182 1323 super
1195 1249 1232 1296 se
1245 1238 1280 1296 et
1297 1223 1407 1322 patrie

356 1344 608 1436 malesuadis,
628 1343 846 1441 stipendium
862 1358 962 1416 certo
978 1343 1111 1416 militiae
1127 1366 1279 1416 nurnero
1294 1341 1410 1414 solve·

358 1475 478 1548 retur,
502 1484 582 1556 quae
607 1483 673 1556 pro
699 1458 808 1532 tutela
832 1471 869 1530 et
894 1457 1101 1530 defensione
1124 1458 1267 1558 patriae,
1296 1481 1342 1528 ne
1364 1453 1410 1527 ab

356 1573 589 1646 infestissimis
604 1571 767 1644 hostibus
779 1571 991 1644 detrimenta
1004 1586 1226 1672 paterentur,
1245 1571 1413 1644 ittietuis·

358 1701 412 1760 set
431 1688 626 1776 collocata;
658 1709 777 1781 regem
801 1709 883 1774 eos,
903 1687 954 1757 uti
981 1711 1086 1774 suos,
1111 1687 1218 1758 tutari
1240 1684 1350 1776 velle,
1377 1699 1413 1757 et

358 1809 395 1880 in
411 1833 499 1907 pace
522 1831 564 1878 ac
581 1811 767 1878 securitate
783 1804 882 1878 bona
897 1805 1097 1896 custodire;
1117 1831 1184 1877 nec
1200 1807 1316 1904 ipsum
1342 1804 1413 1878 hoc

359 1950 464 2026 grave
479 1939 542 1998 ant
554 1923 743 1996 molestum
756 1924 808 1996 eis
816 1923 948 1997 debere
959 1924 1093 2014 videri,
1109 1951 1191 1998 cnm
1207 1949 1281 1998 non
1299 1925 1415 1998 forent

359 2036 564 2139 hujusmodi
582 2064 670 2138 opes
686 2054 722 2112 et
736 2041 898 2138 pecuniae
912 2064 985 2112 suae
1001 2039 1045 2111 ud
1070 2054 1181 2114 terras
1204 2041 1336 2114 alienas
1352 2040 1415 2112 de·

360 2156 565 2255 portandae,
589 2154 655 2226 sed
675 2155 771 2252 apud
790 2181 869 2244 eos,
890 2156 952 2251 qui
979 2179 1039 2226 eas
1062 2154 1328 2252 dependerent,
1352 2181 1415 2253 per

360 2271 506 2344 eosdem
517 2253 644 2341 milites
654 2270 908 2367 expendendae,
919 2269 1235 2368 etquodammodo
1246 2271 1282 2342 in
1294 2271 1418 2343 bursas

360 2409 505 2474 eorum,
525 2382 689 2480 aquibus
706 2385 920 2472 levarentur,
938 2384 1186 2473 refundendam
1205 2409 1322 2482 regem
1342 2409 1417 2456 non

361 2499 648 2586 irrationabiliter
658 2498 916 2588 bostium,sub
926 2500 1301 2599 quorumditioneper
1312 2501 1418 2598 longa

362 2630 456 2687 retro
492 2629 652 2711 ternpore
687 2617 941 2706 constitissent,
970 2615 1095 2703 dolos,
1131 2614 1419 2688 machinamenta

362 2744 470 2827 utque
490 2727 636 2800 insidias
653 2728 863 2819 formidare3
883 2753 970 2804 narn
991 2755 1074 2804 cum
1092 2729 1160 2802 illis
1175 2730 1419 2824 commodita-

364 2843 476 2931 tibus,
501 2866 590 2941 quas
614 2843 660 2914 de
684 2844 786 2916 terris
811 2844 878 2916 illis
895 2859 938 2918 et
966 2845 1004 2916 in
1021 2845 1110 2944 ,ipsis
1140 2859 1283 2942 captare
1318 2859 1420 2916 erent

362 2959 476 3049 soliti,
490 2959 649 3057 privatos
663 2984 701 3030 se
712 2975 820 3057 atque
836 2959 1026 3032 destitutos
1035 2959 1281 3058 experimento
1292 2984 1420 3056 agnos·

364 3087 507 3160 cerent,
543 3074 709 3144 annisum
737 3098 955 3171 omnemque
983 3087 1154 3146 conatum
1187 3076 1421 3149 verisimiliter

364 3189 519 3261 facturos
535 3211 633 3277 esse,
657 3201 697 3259 nt
711 3188 769 3260 vel
792 3201 892 3280 astu,
909 3189 967 3260 vel
991 3186 1135 3280 frande,
1154 3213 1217 3260 seu
1235 3215 1421 3262 armorum

364 3301 524 3404 potentia
544 3301 730 3388 amissum,
755 3301 788 3373 si
808 3325 887 3398 qua·
902 3316 1051 3400 possent
1069 3303 1145 3394 via,
1171 3319 1421 3401 recuperarent

364 3417 573 3516 imperium
592 3414 677 3486 inde
692 3415 816 3490 solitos
833 3416 930 3515 ipsos
943 3431 979 3488 et
996 3439 1145 3512 regnum
1159 3417 1292 3513 Angliae
1305 3417 1420 3516 (quod

365 3533 477 3606 vineis
487 3532 599 3619 caret)
613 3530 870 3604 abundantiam
886 3531 1020 3604 babere
1034 3533 1221 3624 vinorum3
1242 3533 1313 3606 illic
1326 3559 1420 3633 pan-

366 3674 434 3722 nos
453 3635 539 3720 suos
553 3645 710 3743 aliasque
734 3671 888 3735 merces,
907 3646 1039 3745 quibus
1058 3647 1262 3738 abundant,
1281 3648 1420 3722 deferre

366 3763 612 3851 consuevisse,
638 3775 675 3836 et
697 3761 783 3835 inde
805 3788 869 3862 per
891 3762 1079 3860 Hispanias
1095 3752 1306 3859 caeterasque
1322 3761 1420 3858 adja-

366 3894 486 3952 centes
512 3880 676 3973 regiones
698 3875 911 3950 distribuere
930 3892 967 3952 et
990 3875 1195 3964 effundere3
1223 3877 1320 3949 unde
1344 3900 1418 3948 non

367 3994 491 4088 exigua
507 3992 560 4064 eis
573 3992 692 4078 lucra,
705 4005 819 4096 „atque
836 3991 944 4065 etiam
960 3991 1046 4089 ipsis
1060 3989 1376 4087 burdegalensibus
1385 4003 1420 4062 et

367 4111 645 4212 provincialibus
661 4110 918 4210 proveniebant
934 4109 1200 4198 etcommoda3
1219 4110 1317 4208 quod
1334 4110 1363 4181 si
1384 4135 1421 4180 se

368 4225 547 4326 perditum
560 4227 615 4318 iri,
629 4240 665 4299 et
676 4227 782 4300 tantis
795 4251 833 4298 se
843 4227 1012 4307 itinerum
1023 4227 1245 4300 committere
1258 4225 1422 4324 periculis

369 4341 464 4412 ultro
486 4355 711 4438 appeterent,
735 4365 855 4438 regem
882 4341 919 4413 id
936 4341 1086 4414 minime
1111 4341 1182 4440 pati
1207 4363 1275 4440 pro
1297 4363 1422 4413 eorum

369 4453 518 4528 utilitate
534 4453 678 4528 debere.

418 4569 674 4668 Hujusoemedi
699 4586 734 4642 et
757 4569 817 4642 bis
835 4567 1011 4644 similibus
1033 4567 1277 4662 sermonibus,
1295 4572 1427 4672 quibus

450 4706 465 4744 ι
1269 4689 1308 4747 l'l
