<?xml version="1.0" encoding="UTF-8"?>
<!DOCTYPE html PUBLIC "-//W3C//DTD XHTML 1.0 Transitional//EN"
    "http://www.w3.org/TR/xhtml1/DTD/xhtml1-transitional.dtd">
<html xmlns="http://www.w3.org/1999/xhtml" xml:lang="en" lang="en">
 <head>
  <title>
</title>
<meta http-equiv="Content-Type" content="text/html;charset=utf-8" />
  <meta name='ocr-system' content='tesseract 3.04.00' />
  <meta name='ocr-capabilities' content='ocr_page ocr_carea ocr_par ocr_line ocrx_word'/>
</head>
<body>
  <div class='ocr_page' id='page_1' title='image "./histoiredesrgne01amelgoog_0375.png"; bbox 0 0 3892 5892; ppageno 0'>
   <div class='ocr_carea' id='block_1_1' title="bbox 357 859 1474 1107">
    <p class='ocr_par' dir='ltr' id='par_1_1' title="bbox 357 859 1474 1107">
     <span class='ocr_line' id='line_1_1' title="bbox 722 859 1474 957; baseline -0.001 -14"><span class='ocrx_word' id='word_1_1' title='bbox 722 882 1037 957; x_wconf 78' lang='lat' dir='ltr'>snmousnros.</span> <span class='ocrx_word' id='word_1_2' title='bbox 1363 886 1420 945; x_wconf 78' lang='lat' dir='ltr'>sn</span> <span class='ocrx_word' id='word_1_3' title='bbox 1468 859 1474 872; x_wconf 68' lang='lat'>‘</span> 
     </span>
     <span class='ocr_line' id='line_1_2' title="bbox 357 1004 1422 1107; baseline -0.002 -24"><span class='ocrx_word' id='word_1_4' title='bbox 357 1009 439 1101; x_wconf 85' lang='lat' dir='ltr'>bns,</span> <span class='ocrx_word' id='word_1_5' title='bbox 453 1006 553 1106; x_wconf 80' lang='lat' dir='ltr'>quod</span> <span class='ocrx_word' id='word_1_6' title='bbox 569 1007 736 1101; x_wconf 69' lang='lat' dir='ltr'>Romani,</span> <span class='ocrx_word' id='word_1_7' title='bbox 748 1004 975 1107; x_wconf 81' lang='lat' dir='ltr'>temporibus</span> <span class='ocrx_word' id='word_1_8' title='bbox 991 1006 1061 1081; x_wconf 86' lang='lat' dir='ltr'>illis</span> <span class='ocrx_word' id='word_1_9' title='bbox 1078 1006 1209 1106; x_wconf 81' lang='lat' dir='ltr'>quibus</span> <span class='ocrx_word' id='word_1_10' title='bbox 1221 1010 1422 1083; x_wconf 77' lang='lat' dir='ltr'><strong>Romnum</strong></span> 
     </span>
    </p>
   </div>
   <div class='ocr_carea' id='block_1_2' title="bbox 360 1122 1433 2377">
    <p class='ocr_par' dir='ltr' id='par_1_2' title="bbox 360 1122 1433 2377">
     <span class='ocr_line' id='line_1_3' title="bbox 360 1122 1425 1223; baseline -0.002 -22"><span class='ocrx_word' id='word_1_11' title='bbox 360 1127 515 1201; x_wconf 84' lang='lat' dir='ltr'>msxirne</span> <span class='ocrx_word' id='word_1_12' title='bbox 528 1122 680 1199; x_wconf 74' lang='lat' dir='ltr'>florebn</span> <span class='ocrx_word' id='word_1_13' title='bbox 694 1124 901 1223; x_wconf 83' lang='lat' dir='ltr'>imperium,</span> <span class='ocrx_word' id='word_1_14' title='bbox 914 1146 1059 1223; x_wconf 85' lang='lat' dir='ltr'>semper</span> <span class='ocrx_word' id='word_1_15' title='bbox 1073 1122 1229 1199; x_wconf 84' lang='lat' dir='ltr'>militurn</span> <span class='ocrx_word' id='word_1_16' title='bbox 1241 1123 1425 1199; x_wconf 75' lang='lat' dir='ltr'>habebant</span> 
     </span>
     <span class='ocr_line' id='line_1_4' title="bbox 360 1238 1425 1341; baseline -0.005 -23"><span class='ocrx_word' id='word_1_17' title='bbox 360 1240 543 1341; x_wconf 80' lang='lat' dir='ltr'>expeditus</span> <span class='ocrx_word' id='word_1_18' title='bbox 562 1238 740 1337; x_wconf 77' lang='lat' dir='ltr'><strong>legiones,</strong></span> <span class='ocrx_word' id='word_1_19' title='bbox 769 1239 903 1312; x_wconf 78' lang='lat' dir='ltr'>tamin</span> <span class='ocrx_word' id='word_1_20' title='bbox 925 1238 1027 1313; x_wconf 79' lang='lat' dir='ltr'>ltalia</span> <span class='ocrx_word' id='word_1_21' title='bbox 1045 1263 1155 1337; x_wconf 84' lang='lat' dir='ltr'>quam</span> <span class='ocrx_word' id='word_1_22' title='bbox 1172 1240 1209 1315; x_wconf 94' lang='lat' dir='ltr'>in</span> <span class='ocrx_word' id='word_1_23' title='bbox 1229 1242 1425 1339; x_wconf 81' lang='lat' dir='ltr'>provinciis</span> 
     </span>
     <span class='ocr_line' id='line_1_5' title="bbox 361 1352 1426 1455; baseline 0 -26"><span class='ocrx_word' id='word_1_24' title='bbox 361 1380 442 1454; x_wconf 84' lang='lat' dir='ltr'>quse</span> <span class='ocrx_word' id='word_1_25' title='bbox 457 1354 575 1430; x_wconf 85' lang='lat' dir='ltr'>eidem</span> <span class='ocrx_word' id='word_1_26' title='bbox 589 1352 763 1453; x_wconf 79' lang='lat' dir='ltr'>parebant</span> <span class='ocrx_word' id='word_1_27' title='bbox 779 1354 932 1453; x_wconf 88' lang='lat' dir='ltr'>imperio</span> <span class='ocrx_word' id='word_1_28' title='bbox 947 1381 959 1445; x_wconf 79' lang='lat'>3</span> <span class='ocrx_word' id='word_1_29' title='bbox 978 1354 1140 1427; x_wconf 86' lang='lat' dir='ltr'>similiter</span> <span class='ocrx_word' id='word_1_30' title='bbox 1155 1354 1255 1453; x_wconf 91' lang='lat' dir='ltr'>quod</span> <span class='ocrx_word' id='word_1_31' title='bbox 1269 1370 1306 1428; x_wconf 88' lang='lat' dir='ltr'>et</span> <span class='ocrx_word' id='word_1_32' title='bbox 1324 1358 1426 1455; x_wconf 77' lang='lat' dir='ltr'>Assy·</span> 
     </span>
     <span class='ocr_line' id='line_1_6' title="bbox 362 1467 1427 1571; baseline 0 -26"><span class='ocrx_word' id='word_1_33' title='bbox 362 1473 501 1548; x_wconf 90' lang='lat' dir='ltr'>riorum</span> <span class='ocrx_word' id='word_1_34' title='bbox 513 1467 713 1571; x_wconf 65' lang='lat' dir='ltr'>quonslsm,</span> <span class='ocrx_word' id='word_1_35' title='bbox 732 1472 935 1563; x_wconf 75' lang='lat' dir='ltr'>Persarum,</span> <span class='ocrx_word' id='word_1_36' title='bbox 951 1468 1155 1558; x_wconf 82' lang='lat' dir='ltr'>Medorum,</span> <span class='ocrx_word' id='word_1_37' title='bbox 1175 1472 1427 1571; x_wconf 74' lang='lat' dir='ltr'>AEgyptiorum</span> 
     </span>
     <span class='ocr_line' id='line_1_7' title="bbox 363 1584 1427 1685; baseline -0.002 -24"><span class='ocrx_word' id='word_1_38' title='bbox 363 1588 585 1685; x_wconf 73' lang='lat' dir='ltr'>aliarumque</span> <span class='ocrx_word' id='word_1_39' title='bbox 608 1584 771 1682; x_wconf 78' lang='lat' dir='ltr'>gentium</span> <span class='ocrx_word' id='word_1_40' title='bbox 799 1609 901 1681; x_wconf 83' lang='lat' dir='ltr'>reges</span> <span class='ocrx_word' id='word_1_41' title='bbox 931 1610 1074 1685; x_wconf 79' lang='lat' dir='ltr'>semper</span> <span class='ocrx_word' id='word_1_42' title='bbox 1105 1600 1249 1685; x_wconf 80' lang='lat' dir='ltr'>puratos</span> <span class='ocrx_word' id='word_1_43' title='bbox 1270 1586 1427 1661; x_wconf 86' lang='lat' dir='ltr'>militum</span> 
     </span>
     <span class='ocr_line' id='line_1_8' title="bbox 363 1702 1428 1801; baseline 0 -24"><span class='ocrx_word' id='word_1_44' title='bbox 363 1717 558 1777; x_wconf 86' lang='lat' dir='ltr'>tenuerunt</span> <span class='ocrx_word' id='word_1_45' title='bbox 571 1726 614 1777; x_wconf 81' lang='lat' dir='ltr'>sc</span> <span class='ocrx_word' id='word_1_46' title='bbox 629 1702 805 1775; x_wconf 77' lang='lat' dir='ltr'>foverunt·</span> <span class='ocrx_word' id='word_1_47' title='bbox 821 1702 1009 1776; x_wconf 81' lang='lat' dir='ltr'>exercitus.</span> <span class='ocrx_word' id='word_1_48' title='bbox 1030 1707 1157 1775; x_wconf 79' lang='lat' dir='ltr'>Fateor</span> <span class='ocrx_word' id='word_1_49' title='bbox 1170 1702 1317 1801; x_wconf 87' lang='lat' dir='ltr'>quidem</span> <span class='ocrx_word' id='word_1_50' title='bbox 1335 1731 1343 1775; x_wconf 74' lang='grc' dir='ltr'><strong>ε</strong></span> <span class='ocrx_word' id='word_1_51' title='bbox 1363 1704 1428 1777; x_wconf 85' lang='lat' dir='ltr'>sed</span> 
     </span>
     <span class='ocr_line' id='line_1_9' title="bbox 364 1814 1429 1918; baseline 0.002 -27"><span class='ocrx_word' id='word_1_52' title='bbox 364 1818 453 1912; x_wconf 85' lang='lat' dir='ltr'>hoc,</span> <span class='ocrx_word' id='word_1_53' title='bbox 471 1819 557 1917; x_wconf 81' lang='lat' dir='ltr'>quia</span> <span class='ocrx_word' id='word_1_54' title='bbox 571 1818 764 1918; x_wconf 70' lang='lat' dir='ltr'>provincie</span> <span class='ocrx_word' id='word_1_55' title='bbox 784 1814 993 1912; x_wconf 84' lang='lat' dir='ltr'>hujusmodi</span> <span class='ocrx_word' id='word_1_56' title='bbox 1009 1816 1210 1893; x_wconf 70' lang='lat' dir='ltr'>naturalem</span> <span class='ocrx_word' id='word_1_57' title='bbox 1233 1817 1429 1893; x_wconf 79' lang='lat' dir='ltr'><strong>nobilitatis</strong></span> 
     </span>
     <span class='ocr_line' id='line_1_10' title="bbox 365 1930 1429 2035; baseline -0.001 -24"><span class='ocrx_word' id='word_1_58' title='bbox 365 1934 487 2035; x_wconf 81' lang='lat' dir='ltr'>pstriae</span> <span class='ocrx_word' id='word_1_59' title='bbox 500 1935 665 2009; x_wconf 84' lang='lat' dir='ltr'>militiam</span> <span class='ocrx_word' id='word_1_60' title='bbox 677 1958 754 2007; x_wconf 89' lang='lat' dir='ltr'>non</span> <span class='ocrx_word' id='word_1_61' title='bbox 769 1930 973 2026; x_wconf 77' lang='lat' dir='ltr'>habebunt,</span> <span class='ocrx_word' id='word_1_62' title='bbox 994 1934 1050 2008; x_wconf 86' lang='lat' dir='ltr'>vel</span> <span class='ocrx_word' id='word_1_63' title='bbox 1067 1936 1116 2007; x_wconf 78' lang='lat' dir='ltr'>ita</span> <span class='ocrx_word' id='word_1_64' title='bbox 1133 1936 1297 2033; x_wconf 81' lang='lat' dir='ltr'>exiguam</span> <span class='ocrx_word' id='word_1_65' title='bbox 1314 1947 1350 2009; x_wconf 90' lang='lat' dir='ltr'>et</span> <span class='ocrx_word' id='word_1_66' title='bbox 1369 1961 1429 2009; x_wconf 87' lang='lat' dir='ltr'>rs·</span> 
     </span>
     <span class='ocr_line' id='line_1_11' title="bbox 365 2048 1431 2149; baseline -0.002 -26"><span class='ocrx_word' id='word_1_67' title='bbox 365 2074 458 2141; x_wconf 84' lang='lat' dir='ltr'>rsm,</span> <span class='ocrx_word' id='word_1_68' title='bbox 470 2051 571 2149; x_wconf 89' lang='lat' dir='ltr'>quod</span> <span class='ocrx_word' id='word_1_69' title='bbox 584 2050 631 2123; x_wconf 79' lang='lat' dir='ltr'>sd</span> <span class='ocrx_word' id='word_1_70' title='bbox 642 2050 790 2124; x_wconf 85' lang='lat' dir='ltr'>tuteinm</span> <span class='ocrx_word' id='word_1_71' title='bbox 801 2049 943 2149; x_wconf 89' lang='lat' dir='ltr'>imperii</span> <span class='ocrx_word' id='word_1_72' title='bbox 957 2049 1107 2121; x_wconf 91' lang='lat' dir='ltr'>minime</span> <span class='ocrx_word' id='word_1_73' title='bbox 1117 2048 1306 2124; x_wconf 84' lang='lat' dir='ltr'>sufficeret.</span> <span class='ocrx_word' id='word_1_74' title='bbox 1320 2054 1431 2123; x_wconf 86' lang='lat' dir='ltr'>Erant</span> 
     </span>
     <span class='ocr_line' id='line_1_12' title="bbox 366 2163 1432 2265; baseline -0.001 -26"><span class='ocrx_word' id='word_1_75' title='bbox 366 2163 690 2263; x_wconf 79' lang='lat' dir='ltr'>enim-hujusmodi</span> <span class='ocrx_word' id='word_1_76' title='bbox 700 2166 851 2265; x_wconf 83' lang='lat' dir='ltr'>imperia</span> <span class='ocrx_word' id='word_1_77' title='bbox 859 2163 1018 2238; x_wconf 80' lang='lat' dir='ltr'>violenta</span> <span class='ocrx_word' id='word_1_78' title='bbox 1028 2179 1065 2237; x_wconf 86' lang='lat' dir='ltr'>et</span> <span class='ocrx_word' id='word_1_79' title='bbox 1076 2186 1260 2237; x_wconf 76' lang='lat' dir='ltr'>armorum</span> <span class='ocrx_word' id='word_1_80' title='bbox 1271 2166 1432 2263; x_wconf 81' lang='lat' dir='ltr'>potentia</span> 
     </span>
     <span class='ocr_line' id='line_1_13' title="bbox 366 2276 1433 2377; baseline -0.002 -26"><span class='ocrx_word' id='word_1_81' title='bbox 366 2280 579 2377; x_wconf 77' lang='lat' dir='ltr'>conquisitu,</span> <span class='ocrx_word' id='word_1_82' title='bbox 600 2302 680 2377; x_wconf 84' lang='lat' dir='ltr'>quse</span> <span class='ocrx_word' id='word_1_83' title='bbox 692 2277 849 2377; x_wconf 87' lang='lat' dir='ltr'>populos</span> <span class='ocrx_word' id='word_1_84' title='bbox 861 2278 1067 2372; x_wconf 78' lang='lat' dir='ltr'>regionum,</span> <span class='ocrx_word' id='word_1_85' title='bbox 1081 2300 1145 2349; x_wconf 86' lang='lat' dir='ltr'>sus</span> <span class='ocrx_word' id='word_1_86' title='bbox 1154 2276 1308 2351; x_wconf 80' lang='lat' dir='ltr'>naturali</span> <span class='ocrx_word' id='word_1_87' title='bbox 1319 2278 1433 2350; x_wconf 87' lang='lat' dir='ltr'>liber·-</span> 
     </span>
    </p>
   </div>
   <div class='ocr_carea' id='block_1_3' title="bbox 368 2391 1565 2494">
    <p class='ocr_par' dir='ltr' id='par_1_3' title="bbox 368 2391 1565 2494">
     <span class='ocr_line' id='line_1_14' title="bbox 368 2391 1565 2494; baseline -0.004 -27"><span class='ocrx_word' id='word_1_88' title='bbox 368 2408 440 2467; x_wconf 79' lang='lat' dir='ltr'>tnte</span> <span class='ocrx_word' id='word_1_89' title='bbox 455 2398 633 2494; x_wconf 80' lang='lat' dir='ltr'>privatos,</span> <span class='ocrx_word' id='word_1_90' title='bbox 658 2393 698 2467; x_wconf 90' lang='lat' dir='ltr'>in</span> <span class='ocrx_word' id='word_1_91' title='bbox 722 2418 825 2467; x_wconf 85' lang='lat' dir='ltr'>suam</span> <span class='ocrx_word' id='word_1_92' title='bbox 847 2392 1052 2487; x_wconf 83' lang='lat' dir='ltr'>redigerent</span> <span class='ocrx_word' id='word_1_93' title='bbox 1079 2392 1286 2464; x_wconf 79' lang='lat' dir='ltr'>servitutem</span> <span class='ocrx_word' id='word_1_94' title='bbox 1306 2391 1433 2463; x_wconf 85' lang='lat' dir='ltr'>:unde</span> <span class='ocrx_word' id='word_1_95' title='bbox 1558 2418 1565 2427; x_wconf 95' lang='lat'>·</span> 
     </span>
    </p>
   </div>
   <div class='ocr_carea' id='block_1_4' title="bbox 368 2508 1444 4113">
    <p class='ocr_par' dir='ltr' id='par_1_4' title="bbox 368 2508 1441 3647">
     <span class='ocr_line' id='line_1_15' title="bbox 368 2508 1435 2609; baseline -0.005 -23"><span class='ocrx_word' id='word_1_96' title='bbox 368 2536 513 2586; x_wconf 79' lang='lat' dir='ltr'>necesse</span> <span class='ocrx_word' id='word_1_97' title='bbox 538 2527 614 2587; x_wconf 78' lang='lat' dir='ltr'>erat</span> <span class='ocrx_word' id='word_1_98' title='bbox 639 2510 811 2609; x_wconf 88' lang='lat' dir='ltr'>quod,·si</span> <span class='ocrx_word' id='word_1_99' title='bbox 833 2523 1125 2609; x_wconf 78' lang='lat' dir='ltr'>perseverarent,</span> <span class='ocrx_word' id='word_1_100' title='bbox 1145 2508 1281 2581; x_wconf 87' lang='lat' dir='ltr'>eisdem</span> <span class='ocrx_word' id='word_1_101' title='bbox 1300 2508 1435 2581; x_wconf 85' lang='lat' dir='ltr'>instru-</span> 
     </span>
     <span class='ocr_line' id='line_1_16' title="bbox 368 2622 1431 2723; baseline -0.008 -21"><span class='ocrx_word' id='word_1_102' title='bbox 368 2629 499 2701; x_wconf 87' lang='lat' dir='ltr'>mentis</span> <span class='ocrx_word' id='word_1_103' title='bbox 521 2640 834 2719; x_wconf 83' lang='lat' dir='ltr'>oonservsrsntur,</span> <span class='ocrx_word' id='word_1_104' title='bbox 859 2624 990 2723; x_wconf 90' lang='lat' dir='ltr'>quibus</span> <span class='ocrx_word' id='word_1_105' title='bbox 1012 2624 1115 2695; x_wconf 86' lang='lat' dir='ltr'>initio</span> <span class='ocrx_word' id='word_1_106' title='bbox 1138 2636 1239 2723; x_wconf 81' lang='lat' dir='ltr'>parts</span> <span class='ocrx_word' id='word_1_107' title='bbox 1271 2622 1431 2709; x_wconf 77' lang='lat' dir='ltr'>fuissent.</span> 
     </span>
     <span class='ocr_line' id='line_1_17' title="bbox 368 2738 1436 2845; baseline -0.007 -27"><span class='ocrx_word' id='word_1_108' title='bbox 368 2744 438 2819; x_wconf 81' lang='lat' dir='ltr'>sed</span> <span class='ocrx_word' id='word_1_109' title='bbox 449 2768 548 2835; x_wconf 86' lang='lat' dir='ltr'>cum,</span> <span class='ocrx_word' id='word_1_110' title='bbox 567 2760 608 2817; x_wconf 90' lang='lat' dir='ltr'>ut</span> <span class='ocrx_word' id='word_1_111' title='bbox 625 2744 775 2845; x_wconf 83' lang='lat' dir='ltr'>pulchre</span> <span class='ocrx_word' id='word_1_112' title='bbox 790 2744 917 2817; x_wconf 89' lang='lat' dir='ltr'>Cicero</span> <span class='ocrx_word' id='word_1_113' title='bbox 929 2742 1059 2839; x_wconf 91' lang='lat' dir='ltr'>inquit,</span> <span class='ocrx_word' id='word_1_114' title='bbox 1080 2770 1099 2810; x_wconf 79' lang='lat' dir='ltr'>u</span> <span class='ocrx_word' id='word_1_115' title='bbox 1111 2738 1212 2813; x_wconf 80' lang='lat' dir='ltr'>nullu</span> <span class='ocrx_word' id='word_1_116' title='bbox 1226 2740 1280 2811; x_wconf 83' lang='lat' dir='ltr'>vis</span> <span class='ocrx_word' id='word_1_117' title='bbox 1293 2739 1436 2837; x_wconf 89' lang='lat' dir='ltr'>imperii</span> 
     </span>
     <span class='ocr_line' id='line_1_18' title="bbox 369 2855 1434 2960; baseline -0.011 -25"><span class='ocrx_word' id='word_1_118' title='bbox 369 2862 646 2958; x_wconf 65' lang='lat' dir='ltr'>mansitque,</span> <span class='ocrx_word' id='word_1_119' title='bbox 664 2874 849 2960; x_wconf 80' lang='lat' dir='ltr'>premente</span> <span class='ocrx_word' id='word_1_120' title='bbox 861 2873 975 2948; x_wconf 88' lang='lat' dir='ltr'>metu,</span> <span class='ocrx_word' id='word_1_121' title='bbox 991 2859 1105 2957; x_wconf 79' lang='lat' dir='ltr'>possit</span> <span class='ocrx_word' id='word_1_122' title='bbox 1121 2880 1197 2929; x_wconf 87' lang='lat' dir='ltr'>esse</span> <span class='ocrx_word' id='word_1_123' title='bbox 1214 2855 1434 2945; x_wconf 53' lang='lat' dir='ltr'>diuturnam</span> 
     </span>
     <span class='ocr_line' id='line_1_19' title="bbox 369 2970 1437 3076; baseline -0.007 -25"><span class='ocrx_word' id='word_1_124' title='bbox 369 2977 454 3051; x_wconf 81' lang='lat' dir='ltr'>sutis</span> <span class='ocrx_word' id='word_1_125' title='bbox 475 2991 626 3076; x_wconf 77' lang='lat' dir='ltr'>apparet</span> <span class='ocrx_word' id='word_1_126' title='bbox 641 2974 852 3073; x_wconf 86' lang='lat' dir='ltr'>hujusmodi</span> <span class='ocrx_word' id='word_1_127' title='bbox 872 2974 1045 3074; x_wconf 87' lang='lat' dir='ltr'>imperia,</span> <span class='ocrx_word' id='word_1_128' title='bbox 1065 2996 1131 3046; x_wconf 85' lang='lat' dir='ltr'>nso</span> <span class='ocrx_word' id='word_1_129' title='bbox 1148 2970 1349 3074; x_wconf 68' lang='lat' dir='ltr'>naturali23</span> <span class='ocrx_word' id='word_1_130' title='bbox 1369 2994 1437 3043; x_wconf 89' lang='lat' dir='ltr'>nec</span> 
     </span>
     <span class='ocr_line' id='line_1_20' title="bbox 370 3084 1438 3185; baseline -0.007 -19"><span class='ocrx_word' id='word_1_131' title='bbox 370 3092 538 3167; x_wconf 78' lang='lat' dir='ltr'>amabilia</span> <span class='ocrx_word' id='word_1_132' title='bbox 554 3090 705 3167; x_wconf 90' lang='lat' dir='ltr'>subditis</span> <span class='ocrx_word' id='word_1_133' title='bbox 721 3092 908 3179; x_wconf 80' lang='lat' dir='ltr'>exstitisse,</span> <span class='ocrx_word' id='word_1_134' title='bbox 928 3114 1014 3162; x_wconf 89' lang='lat' dir='ltr'>cum</span> <span class='ocrx_word' id='word_1_135' title='bbox 1030 3087 1176 3185; x_wconf 89' lang='lat' dir='ltr'>ubique,</span> <span class='ocrx_word' id='word_1_136' title='bbox 1193 3086 1334 3183; x_wconf 87' lang='lat' dir='ltr'>quoties</span> <span class='ocrx_word' id='word_1_137' title='bbox 1352 3084 1438 3159; x_wconf 82' lang='lat' dir='ltr'>slin-</span> 
     </span>
     <span class='ocr_line' id='line_1_21' title="bbox 371 3201 1439 3305; baseline -0.011 -23"><span class='ocrx_word' id='word_1_138' title='bbox 371 3221 447 3282; x_wconf 83' lang='lat' dir='ltr'>tam</span> <span class='ocrx_word' id='word_1_139' title='bbox 472 3206 780 3305; x_wconf 75' lang='lat' dir='ltr'>opportunitatem</span> <span class='ocrx_word' id='word_1_140' title='bbox 806 3204 1060 3301; x_wconf 80' lang='lat' dir='ltr'>inspexerunt,</span> <span class='ocrx_word' id='word_1_141' title='bbox 1077 3201 1296 3274; x_wconf 85' lang='lat' dir='ltr'>excutientes</span> <span class='ocrx_word' id='word_1_142' title='bbox 1311 3201 1439 3297; x_wconf 83' lang='lat' dir='ltr'>jugum</span> 
     </span>
     <span class='ocr_line' id='line_1_22' title="bbox 373 3316 1440 3421; baseline -0.01 -24"><span class='ocrx_word' id='word_1_143' title='bbox 373 3324 566 3421; x_wconf 77' lang='lat' dir='ltr'>tyranniooe</span> <span class='ocrx_word' id='word_1_144' title='bbox 593 3318 874 3410; x_wconf 82' lang='lat' dir='ltr'>dominationis,</span> <span class='ocrx_word' id='word_1_145' title='bbox 901 3318 938 3389; x_wconf 94' lang='lat' dir='ltr'>in</span> <span class='ocrx_word' id='word_1_146' title='bbox 967 3316 1122 3413; x_wconf 81' lang='lat' dir='ltr'>priscam</span> <span class='ocrx_word' id='word_1_147' title='bbox 1147 3338 1223 3387; x_wconf 86' lang='lat' dir='ltr'>sese</span> <span class='ocrx_word' id='word_1_148' title='bbox 1252 3338 1440 3413; x_wconf 81' lang='lat' dir='ltr'>reparave-</span> 
     </span>
     <span class='ocr_line' id='line_1_23' title="bbox 374 3428 1441 3529; baseline -0.01 -18"><span class='ocrx_word' id='word_1_149' title='bbox 374 3434 461 3511; x_wconf 83' lang='lat' dir='ltr'>runt</span> <span class='ocrx_word' id='word_1_150' title='bbox 473 3436 695 3509; x_wconf 76' lang='lat' dir='ltr'>libertatern:</span> <span class='ocrx_word' id='word_1_151' title='bbox 710 3430 808 3507; x_wconf 89' lang='lat' dir='ltr'>unde</span> <span class='ocrx_word' id='word_1_152' title='bbox 818 3428 1068 3528; x_wconf 85' lang='lat' dir='ltr'>hujuscemodi</span> <span class='ocrx_word' id='word_1_153' title='bbox 1080 3430 1229 3527; x_wconf 82' lang='lat' dir='ltr'>imperia</span> <span class='ocrx_word' id='word_1_154' title='bbox 1240 3454 1342 3529; x_wconf 73' lang='lat' dir='ltr'>pene</span> <span class='ocrx_word' id='word_1_155' title='bbox 1355 3454 1441 3501; x_wconf 95' lang='lat' dir='ltr'>om·</span> 
     </span>
     <span class='ocr_line' id='line_1_24' title="bbox 374 3544 1435 3647; baseline -0.016 -20"><span class='ocrx_word' id='word_1_156' title='bbox 374 3552 624 3627; x_wconf 76' lang='lat' dir='ltr'>niaexstinota</span> <span class='ocrx_word' id='word_1_157' title='bbox 636 3548 775 3647; x_wconf 80' lang='lat' dir='ltr'>jamab</span> <span class='ocrx_word' id='word_1_158' title='bbox 796 3546 886 3623; x_wconf 86' lang='lat' dir='ltr'>olim</span> <span class='ocrx_word' id='word_1_159' title='bbox 901 3544 1057 3618; x_wconf 74' lang='lat' dir='ltr'>nerunt.</span> <span class='ocrx_word' id='word_1_160' title='bbox 1428 3560 1435 3573; x_wconf 72' lang='lat'><em>¹</em></span> 
     </span>
    </p>

    <p class='ocr_par' dir='ltr' id='par_1_5' title="bbox 375 3659 1444 4113">
     <span class='ocr_line' id='line_1_25' title="bbox 423 3659 1441 3756; baseline -0.012 -15"><span class='ocrx_word' id='word_1_161' title='bbox 423 3663 662 3741; x_wconf 85' lang='lat' dir='ltr'>Sedetsioubi</span> <span class='ocrx_word' id='word_1_162' title='bbox 674 3659 1282 3756; x_wconf 78' lang='lat' dir='ltr'>temsnrmtslinsunt(nequeenim</span> <span class='ocrx_word' id='word_1_163' title='bbox 1294 3680 1441 3729; x_wconf 90' lang='lat' dir='ltr'>omnem</span> 
     </span>
     <span class='ocr_line' id='line_1_26' title="bbox 375 3763 1443 3875; baseline -0.015 -15"><span class='ocrx_word' id='word_1_164' title='bbox 375 3798 554 3860; x_wconf 77' lang='lat' dir='ltr'>tenorum</span> <span class='ocrx_word' id='word_1_165' title='bbox 573 3778 703 3854; x_wconf 87' lang='lat' dir='ltr'>orbem</span> <span class='ocrx_word' id='word_1_166' title='bbox 717 3763 969 3875; x_wconf 80' lang='lat' dir='ltr'>lrnjusoemodi</span> <span class='ocrx_word' id='word_1_167' title='bbox 984 3798 1106 3849; x_wconf 79' lang='lat' dir='ltr'>carere</span> <span class='ocrx_word' id='word_1_168' title='bbox 1126 3772 1285 3872; x_wconf 83' lang='lat' dir='ltr'>nequitis</span> <span class='ocrx_word' id='word_1_169' title='bbox 1309 3785 1443 3871; x_wconf 78' lang='lat' dir='ltr'>putan-</span> 
     </span>
     <span class='ocr_line' id='line_1_27' title="bbox 375 3884 1444 3997; baseline -0.016 -21"><span class='ocrx_word' id='word_1_170' title='bbox 375 3901 465 3975; x_wconf 85' lang='lat' dir='ltr'>dum</span> <span class='ocrx_word' id='word_1_171' title='bbox 481 3884 579 3997; x_wconf 75' lang='lat' dir='ltr'>es&#39;t),</span> <span class='ocrx_word' id='word_1_172' title='bbox 596 3895 756 3971; x_wconf 76' lang='lat' dir='ltr'>violente</span> <span class='ocrx_word' id='word_1_173' title='bbox 771 3910 867 3982; x_wconf 88' lang='lat' dir='ltr'>sunt,</span> <span class='ocrx_word' id='word_1_174' title='bbox 886 3892 1074 3991; x_wconf 80' lang='lat' dir='ltr'>tyrannica</span> <span class='ocrx_word' id='word_1_175' title='bbox 1084 3905 1120 3963; x_wconf 88' lang='lat' dir='ltr'>et</span> <span class='ocrx_word' id='word_1_176' title='bbox 1133 3890 1279 3987; x_wconf 76' lang='lat' dir='ltr'>injusta,</span> <span class='ocrx_word' id='word_1_177' title='bbox 1293 3886 1444 3961; x_wconf 87' lang='lat' dir='ltr'>subditis</span> 
     </span>
     <span class='ocr_line' id='line_1_28' title="bbox 376 4006 1444 4113; baseline -0.013 -26"><span class='ocrx_word' id='word_1_178' title='bbox 376 4017 490 4089; x_wconf 83' lang='lat' dir='ltr'>intiss</span> <span class='ocrx_word' id='word_1_179' title='bbox 505 4030 613 4113; x_wconf 81' lang='lat' dir='ltr'>etque</span> <span class='ocrx_word' id='word_1_180' title='bbox 628 4034 751 4088; x_wconf 77' lang='lat' dir='ltr'>exose.</span> <span class='ocrx_word' id='word_1_181' title='bbox 767 4011 857 4099; x_wconf 86' lang='lat' dir='ltr'>Quis</span> <span class='ocrx_word' id='word_1_182' title='bbox 873 4010 985 4101; x_wconf 86' lang='lat' dir='ltr'>enim,</span> <span class='ocrx_word' id='word_1_183' title='bbox 1001 4006 1161 4079; x_wconf 83' lang='lat' dir='ltr'>animum</span> <span class='ocrx_word' id='word_1_184' title='bbox 1179 4025 1392 4101; x_wconf 82' lang='lat' dir='ltr'>generosum</span> <span class='ocrx_word' id='word_1_185' title='bbox 1402 4017 1444 4081; x_wconf 76' lang='lat' dir='ltr'>rt</span> 
     </span>
    </p>
   </div>
   <div class='ocr_carea' id='block_1_5' title="bbox 377 4124 1550 4229">
    <p class='ocr_par' dir='ltr' id='par_1_6' title="bbox 377 4124 1550 4229">
     <span class='ocr_line' id='line_1_29' title="bbox 377 4124 1550 4229; baseline -0.013 -24"><span class='ocrx_word' id='word_1_186' title='bbox 377 4133 572 4229; x_wconf 70' lang='lat' dir='ltr'>ingenuum</span> <span class='ocrx_word' id='word_1_187' title='bbox 595 4129 759 4224; x_wconf 76' lang='lat' dir='ltr'>habens,</span> <span class='ocrx_word' id='word_1_188' title='bbox 789 4152 889 4226; x_wconf 75' lang='lat' dir='ltr'>teque</span> <span class='ocrx_word' id='word_1_189' title='bbox 913 4126 1038 4199; x_wconf 80' lang='lat' dir='ltr'>animo</span> <span class='ocrx_word' id='word_1_190' title='bbox 1062 4124 1152 4197; x_wconf 78' lang='lat' dir='ltr'>ierat</span> <span class='ocrx_word' id='word_1_191' title='bbox 1179 4124 1215 4195; x_wconf 91' lang='lat' dir='ltr'>in</span> <span class='ocrx_word' id='word_1_192' title='bbox 1242 4134 1378 4193; x_wconf 75' lang='lat' dir='ltr'>tantem</span> <span class='ocrx_word' id='word_1_193' title='bbox 1394 4144 1444 4191; x_wconf 92' lang='lat' dir='ltr'>·se</span> <span class='ocrx_word' id='word_1_194' title='bbox 1543 4128 1550 4138; x_wconf 88' lang='lat'>&#39;</span> 
     </span>
    </p>
   </div>
   <div class='ocr_carea' id='block_1_6' title="bbox 376 4234 1448 4773">
    <p class='ocr_par' dir='ltr' id='par_1_7' title="bbox 377 4234 1447 4336">
     <span class='ocr_line' id='line_1_30' title="bbox 377 4234 1447 4336; baseline -0.013 -16"><span class='ocrx_word' id='word_1_195' title='bbox 377 4245 563 4319; x_wconf 77' lang='lat' dir='ltr'>redactum</span> <span class='ocrx_word' id='word_1_196' title='bbox 590 4246 635 4318; x_wconf 91' lang='lat' dir='ltr'>iri</span> <span class='ocrx_word' id='word_1_197' title='bbox 657 4245 887 4335; x_wconf 77' lang='lat' dir='ltr'>servitutem,</span> <span class='ocrx_word' id='word_1_198' title='bbox 913 4256 955 4313; x_wconf 87' lang='lat' dir='ltr'>ut</span> <span class='ocrx_word' id='word_1_199' title='bbox 979 4240 1104 4312; x_wconf 86' lang='lat' dir='ltr'>omnis¹</span> <span class='ocrx_word' id='word_1_200' title='bbox 1116 4260 1264 4336; x_wconf 86' lang='lat' dir='ltr'>prorsus</span> <span class='ocrx_word' id='word_1_201' title='bbox 1285 4258 1361 4307; x_wconf 86' lang='lat' dir='ltr'>rem</span> <span class='ocrx_word' id='word_1_202' title='bbox 1384 4234 1447 4307; x_wconf 83' lang='lat' dir='ltr'><strong>nli·</strong></span> 
     </span>
    </p>

    <p class='ocr_par' dir='ltr' id='par_1_8' title="bbox 376 4352 1444 4461">
     <span class='ocr_line' id='line_1_31' title="bbox 376 4352 1444 4461; baseline -0.011 -25"><span class='ocrx_word' id='word_1_203' title='bbox 376 4384 489 4461; x_wconf 78' lang='lat' dir='ltr'>quam</span> <span class='ocrx_word' id='word_1_204' title='bbox 509 4359 684 4452; x_wconf 76' lang='lat' dir='ltr'>habendi,</span> <span class='ocrx_word' id='word_1_205' title='bbox 708 4385 789 4457; x_wconf 84' lang='lat' dir='ltr'>quse</span> <span class='ocrx_word' id='word_1_206' title='bbox 813 4357 861 4431; x_wconf 83' lang='lat' dir='ltr'>ad</span> <span class='ocrx_word' id='word_1_207' title='bbox 887 4370 1018 4431; x_wconf 91' lang='lat' dir='ltr'>nutum</span> <span class='ocrx_word' id='word_1_208' title='bbox 1030 4353 1173 4449; x_wconf 73' lang='lat' dir='ltr'>tyrenni</span> <span class='ocrx_word' id='word_1_209' title='bbox 1188 4377 1263 4427; x_wconf 89' lang='lat' dir='ltr'>non</span> <span class='ocrx_word' id='word_1_210' title='bbox 1279 4352 1444 4441; x_wconf 80' lang='lat' dir='ltr'>exsistat,</span> 
     </span>
    </p>

    <p class='ocr_par' dir='ltr' id='par_1_9' title="bbox 378 4468 1448 4567">
     <span class='ocr_line' id='line_1_32' title="bbox 378 4468 1448 4567; baseline -0.01 -16"><span class='ocrx_word' id='word_1_211' title='bbox 378 4476 448 4551; x_wconf 90' lang='lat' dir='ltr'>sibi</span> <span class='ocrx_word' id='word_1_212' title='bbox 474 4474 655 4551; x_wconf 73' lang='lat' dir='ltr'>adimetur</span> <span class='ocrx_word' id='word_1_213' title='bbox 684 4474 853 4563; x_wconf 66' lang='lat' dir='ltr'>bonius,</span> <span class='ocrx_word' id='word_1_214' title='bbox 879 4486 917 4550; x_wconf 85' lang='lat' dir='ltr'>et</span> <span class='ocrx_word' id='word_1_215' title='bbox 945 4472 1026 4544; x_wconf 75' lang='lat' dir='ltr'>vitm</span> <span class='ocrx_word' id='word_1_216' title='bbox 1053 4492 1126 4543; x_wconf 69' lang='lat' dir='ltr'>sun</span> <span class='ocrx_word' id='word_1_217' title='bbox 1149 4468 1318 4567; x_wconf 68' lang='lat' dir='ltr'>nmisque</span> <span class='ocrx_word' id='word_1_218' title='bbox 1346 4482 1448 4567; x_wconf 88' lang='lat' dir='ltr'>pote·</span> 
     </span>
    </p>

    <p class='ocr_par' dir='ltr' id='par_1_10' title="bbox 378 4584 1444 4773">
     <span class='ocr_line' id='line_1_33' title="bbox 378 4584 1444 4687; baseline -0.018 -13"><span class='ocrx_word' id='word_1_219' title='bbox 378 4608 507 4673; x_wconf 70' lang='lat' dir='ltr'>antem</span> <span class='ocrx_word' id='word_1_220' title='bbox 542 4593 592 4667; x_wconf 88' lang='lat' dir='ltr'>in.</span> <span class='ocrx_word' id='word_1_221' title='bbox 618 4592 762 4687; x_wconf 76' lang='lat' dir='ltr'>tyranni</span> <span class='ocrx_word' id='word_1_222' title='bbox 795 4588 945 4663; x_wconf 77' lang='lat' dir='ltr'>arbitrio</span> <span class='ocrx_word' id='word_1_223' title='bbox 983 4586 1214 4659; x_wconf 76' lang='lat' dir='ltr'>constitum</span> <span class='ocrx_word' id='word_1_224' title='bbox 1247 4584 1444 4685; x_wconf 74' lang='lat' dir='ltr'>suspiciat,</span> 
     </span>
     <span class='ocr_line' id='line_1_34' title="bbox 462 4698 1283 4773; baseline -0.013 0"><span class='ocrx_word' id='word_1_225' title='bbox 462 4732 474 4773; x_wconf 86' lang='lat' dir='ltr'>r</span> <span class='ocrx_word' id='word_1_226' title='bbox 608 4698 650 4741; x_wconf 66' lang='lat'><strong>⁸</strong></span> <span class='ocrx_word' id='word_1_227' title='bbox 1245 4702 1283 4763; x_wconf 69' lang='lat'>¹2</span> 
     </span>
    </p>
   </div>
   <div class='ocr_carea' id='block_1_7' title="bbox 0 0 1987 5892">
    <p class='ocr_par' dir='ltr' id='par_1_11' title="bbox 0 0 1987 5892">
     <span class='ocr_line' id='line_1_35' title="bbox 0 0 1987 5892; baseline 0 0"><span class='ocrx_word' id='word_1_228' title='bbox 0 0 1987 5892; x_wconf 95' lang='lat' dir='ltr'> </span> 
     </span>
    </p>
   </div>
  </div>
 </body>
</html>
