3892 5892
722 948 834 1004 LIBER
854 946 1058 1005 SECUNDUS.
1384 948 1423 1005 53

363 1072 516 1145 victores
533 1070 736 1143 evasissent.
758 1074 837 1142 Non
853 1094 1001 1170 parvam
1014 1069 1175 1169 igiturex
1190 1070 1426 1142 hocinlortu-

364 1190 425 1261 nio
438 1212 588 1285 regnum
602 1191 822 1259 Francorum
835 1186 1028 1259 dixerimus
1043 1200 1276 1261 consecutum
1286 1186 1426 1260 felicita·

363 1320 451 1396 tem,
470 1306 585 1377 sitam
600 1304 765 1377 immanis
782 1304 927 1378 feritatis
944 1305 1172 1406 propositum
1186 1304 1424 1379 barbarorum

364 1426 555 1494 Scotorum
571 1420 700 1492 animis
716 1420 919 1494 incesserat·

414 1536 538 1608 Praelio
562 1549 682 1607 autem
706 1535 890 1621 consecto,
918 1552 953 1609 et
978 1536 1155 1636 oppidum
1187 1536 1368 1626 Vernolii,
1391 1550 1428 1608 ct

365 1652 478 1725 multa
500 1650 568 1723 alia
589 1649 732 1723 castella
751 1650 935 1724 deditione
956 1652 1030 1749 regi
1051 1651 1242 1750 Anglorum
1270 1649 1427 1725 accesse-

364 1784 466 1861 runt,
495 1792 592 1862 cum,
619 1769 798 1867 oppressis
826 1784 860 1841 et
886 1770 1064 1842 exstinctis
1084 1792 1105 1841 a
1128 1766 1258 1866 quibus
1282 1766 1428 1841 delendi

365 1884 577 1984 potuissent,
596 1908 725 1983 parum
747 1898 809 1957 aut
825 1883 913 1957 nihil
930 1883 1046 1957 solatii
1064 1884 1260 1983 praesidiive
1281 1907 1302 1957 n
1321 1887 1428 1955 Fran-

365 2000 415 2072 cis
433 2000 605 2097 consequi
617 1996 852 2073 confiderent.

642 2368 649 2379 ,
730 2316 988 2386 ctettuttttt
1013 2315 1056 2384 V.

366 2508 513 2579 Quomodo
528 2522 588 2583 post
599 2508 700 2564 cladem
712 2522 848 2582 acceptam
860 2506 934 2581 apud
944 2507 1105 2561 vernolium
1112 2506 1219 2573 Franci,
1233 2525 1316 2581 opera
1326 2508 1418 2562 comiti

585 2598 727 2665 Dunensit,
741 2598 857 2671 Angliois
868 2597 1041 2652 resistentiam
1054 2595 1198 2651 dederunt.

416 2790 488 2857 Nec
511 2798 630 2856 tamen
650 2786 698 2855 ita
719 2784 861 2856 Francis
884 2780 1053 2855 omnibus
1070 2782 1211 2855 animus
1228 2778 1426 2873 exciderat,

367 2903 453 3000 quin
478 2902 585 2974 etiam
607 2900 652 2973 de
676 2899 932 2998 restinguendo
951 2898 1120 2972 incendio
1138 2898 1367 2996 tutandisque
1390 2896 1430 2987 li-

367 3016 474 3090 nibus
490 3016 599 3115 aliqui
615 3018 824 3114 cogitarent.
848 3021 930 3088 Erat
947 3031 1025 3088 tum
1043 3017 1080 3088 in
1099 3015 1211 3088 domo
1232 3015 1330 3113 regia
1345 3040 1430 3088 curn

366 3134 445 3232 ipso
457 3158 539 3231 rege
551 3134 705 3205 nutritus
716 3145 750 3205 et
765 3131 829 3204 sibi
846 3155 939 3231 pene
950 3156 1090 3204 coaevus
1106 3129 1250 3202 illustris
1259 3134 1427 3222 loannes,

368 3249 536 3329 naturalis
552 3247 645 3321 filius
665 3248 926 3320 Aurelianensis
943 3246 1060 3335 ducis,
1075 3271 1186 3344 quern
1203 3270 1312 3343 supra
1326 3271 1431 3320 neca·

367 3380 443 3437 tum
467 3364 573 3437 luisse
598 3362 739 3436 Parisiis'
760 3362 959 3455 retulimus,
979 3361 1039 3460 qui
1058 3360 1226 3432 nondum
1245 3384 1343 3434 arma
1365 3363 1431 3436 nli·

367 3504 439 3578 qua
462 3479 663 3573 induerat¹,
685 3478 812 3577 dignus
832 3480 895 3577 qui
918 3502 994 3550 non
1019 3476 1130 3549 modo
1150 3474 1311 3573 ejusdem
1328 3476 1431 3549 ducis

408 3698 438 3757 l.
460 3697 578 3754 Erreur.
595 3698 636 3753 Le
652 3690 754 3752 batard
770 3691 930 3765 d’Orldans
950 3690 1029 3751 alors
1042 3690 1096 3771 dg&
1118 3687 1155 3749 de
1168 3686 1345 3769 vingt-deux
1364 3707 1429 3763 ans,

368 3783 534 3843 combattait
547 3781 649 3861 depuis
663 3802 716 3841 son
729 3781 915 3841 adolescence
929 3800 1005 3860 pour
1017 3779 1046 3839 le
1058 3778 1134 3858 parti
1146 3776 1274 3857 qu'arait
1285 3776 1390 3836 suscito
1403 3776 1431 3839 le

367 3872 500 3933 malheur
509 3871 546 3932 de
555 3892 586 3931 sa
596 3871 714 3931 tamilla.
726 3874 791 3931 Une
801 3870 904 3933 ccdule
914 3868 1100 3930 del'anlllS
1109 3871 1137 3930 le
1145 3870 1310 3950 represente
1319 3888 1432 3952 cornme

371 3990 384 4015 ι
402 3976 494 4023 estant
514 3960 678 4044 prisonnier
693 3965 711 4020 l
725 3962 977 4023 sainct-Germain
998 3982 1035 4021 en
1057 3966 1151 4040 Laye,
1170 3962 1309 4020 d'aucnns
1330 3973 1433 4022 tonans

368 4053 396 4113 le
408 4066 492 4132 party
506 4052 546 4111 du
560 4050 615 4111 duc
631 4051 668 4110 de
686 4052 900 4131 Bourgoingue.
924 4076 938 4103 υ
956 4054 1078 4131 D'apres
1094 4052 1221 4112 d’autres
1233 4049 1325 4124 titres,
1339 4048 1359 4107 il
1374 4049 1434 4129 prit

369 4144 398 4205 le
415 4156 645 4225 gouvernement
658 4141 695 4201 de
708 4142 878 4203 l’Orleanais
892 4163 967 4221 pour
980 4142 1009 4201 le
1026 4140 1083 4201 duc
1094 4140 1258 4221 prisonnier
1271 4158 1308 4199 en
1321 4138 1432 4220 ¹lnglo-

370 4248 459 4309 terre,
473 4232 594 4293 aussitdt
607 4234 692 4312 aprds
707 4231 735 4291 ln
751 4244 827 4291 mort
839 4232 876 4291 de
889 4252 941 4291 son
954 4232 1031 4291 lrdre
1043 4230 1179 4309 Phitippe
1191 4230 1305 4305 (ttae),
1315 4241 1346 4287 et
1356 4227 1376 4287 il
1389 4228 1433 4287 lut

242 4394 246 4401 ⁴
369 4324 473 4383 misen
484 4342 553 4381 nom
568 4321 639 4381 dans
652 4320 695 4382 les
708 4334 785 4381 actes
804 4335 983 4401 moyennant
997 4322 1025 4381 la
1037 4320 1160 4381 sormule
1179 4342 1186 4376 z
1206 4346 1220 4371 ι
1235 4323 1293 4378 Par
1304 4318 1432 4379 rnonsei·

373 4432 467 4493 gnenr
476 4412 504 4472 le
517 4410 586 4489 duc,
602 4412 658 4471 lla
668 4412 795 4473 relacion
809 4410 847 4471 du
858 4411 967 4471 conseil
977 4413 1084 4490 ouquel
1098 4410 1182 4469 estoit
1191 4408 1434 4488 monscigneurle

370 4500 480 4562 bastart
496 4502 656 4562 d’0rle'ans.
676 4527 690 4554 ι
712 4505 753 4561 Or
770 4522 809 4561 un
825 4520 1012 4582 gouvernenr
1026 4500 1063 4559 de
1080 4498 1219 4580 province
1238 4498 1366 4576 exerqait
1377 4498 1434 4557 ni>-

370 4592 573 4652 cessairement
592 4591 621 4651 la
639 4592 801 4672 profession
821 4590 871 4652 des
884 4610 980 4651 armes
995 4593 1042 4664 (A.
1065 4593 1279 4663 Cruromon,
1302 4594 1388 4649 Iouis
1405 4598 1435 4645 et

372 4684 488 4743 ctartes
502 4686 667 4753 doricam,
684 4694 705 4742 t.
721 4686 747 4757 1,
764 4702 795 4763 p.
817 4685 887 4758 315,
909 4682 990 4759 330).
1012 4681 1097 4740 Enliu
1112 4680 1141 4740 le
1156 4684 1196 4741 tt
1211 4678 1286 4741 avril
1300 4682 1390 4753 ml,
1410 4678 1431 4737 il
