3892 5892
799 901 908 962 unm
926 899 1079 963 numus.
1433 905 1472 966 19

408 1024 472 1123 qui
485 1024 582 1096 intus
602 1037 717 1114 erant,
737 1026 863 1124 pressi,
883 1025 1046 1101 simulac
1061 1024 1108 1100 de
1129 1047 1301 1100 succursu
1316 1029 1472 1101 Franco·

407 1163 489 1212 rum
505 1137 728 1234 diffidentes,
756 1138 979 1217 deditionem
1000 1142 1179 1232 facerent,
1203 1165 1279 1214 non
1299 1167 1385 1238 suo,
1408 1143 1472 1218 sed

408 1256 552 1332 victoris
576 1256 724 1332 arbitrio
752 1283 795 1332 ac
823 1259 974 1359 legibus.
999 1262 1044 1332 Et
1074 1259 1170 1332 cives
1201 1257 1349 1357 quidem
1370 1285 1473 1362 paene

407 1396 546 1467 omnes,
565 1372 676 1447 bonis
691 1373 880 1474 ademptis,
898 1377 971 1449 vita
984 1373 1215 1448 solummodo
1236 1375 1370 1467 relicta,
1395 1401 1472 1476 quo

406 1486 551 1583 vellent,
571 1487 642 1562 alio
659 1489 758 1563 abire
773 1490 911 1564 dimissi
926 1504 1023 1563 sunt.
1037 1488 1204 1562 Militares
1220 1512 1324 1578 vero,
1343 1491 1405 1588 qui
1420 1489 1472 1563 ibi

406 1603 443 1676 io
457 1605 623 1704 praesidio
640 1605 781 1680 fueram
793 1605 913 1700 locati,
929 1631 1014 1680 cum
1035 1593 1220 1680 nonnullis
1236 1605 1342 1678 etiarn
1358 1631 1402 1679 ex
1418 1607 1470 1680 ci·

405 1719 523 1814 vibus,
546 1725 734 1796 securitate
756 1724 836 1796 vitae
860 1722 1094 1797 solummodo
1121 1721 1317 1822 promissa,
1339 1723 1471 1824 captivi

405 1838 443 1910 in
469 1837 632 1936 Angliam
661 1838 808 1913 obducti
827 1854 930 1932 sunt3
958 1837 1021 1912 ubi
1040 1838 1208 1913 nonnulli
1229 1841 1385 1933 mortui,
1410 1839 1470 1914 ulii

404 1976 506 2048 vero,
519 1969 602 2052 post
618 1954 745 2055 longas
760 1981 895 2048 moras,
910 1955 1050 2054 magnis
1065 1980 1103 2029 se
1118 1955 1356 2056 pecuniarum
1371 1977 1467 2030 sum·
1487 1961 1490 1964 ’

406 2070 474 2140 mis
491 2067 738 2145 redemerunt.

430 2181 500 2257 'Et
516 2185 586 2260 tale
607 2187 754 2286 quidem
770 2200 1035 2284 conquestuum
1051 2185 1250 2284 Anglorum
1262 2187 1301 2259 in
1318 2188 1468 2264 Francia

404 2301 548 2374 initium
563 2301 649 2390 luit,
668 2316 776 2401 atque
795 2302 833 2375 in
852 2305 1091 2396 Normannia,
1114 2327 1182 2402 pro
1197 2303 1355 2403 piraticis
1372 2306 1468 2405 rapi·

405 2418 474 2510 nis,
503 2416 566 2490 illo
586 2433 696 2513 tunc,
723 2443 767 2491 ex
791 2417 926 2491 eisdem
949 2419 1033 2491 satis
1059 2416 1251 2492 nobilitato
1274 2432 1311 2492 et
1328 2419 1466 2494 famoso

403 2534 509 2625 facto,
529 2533 668 2634 oppido
679 2533 725 2609 de
737 2534 885 2632 Hareflu
902 2533 1053 2608 cedente
1068 2531 1235 2606 hostibus
1249 2533 1288 2606 in
1304 2535 1464 2632 proedam

402 2675 504 2724 versa
523 2652 614 2726 vice.
636 2657 731 2726 Bene
751 2652 849 2724 enim
868 2651 1047 2724 Dominus
1069 2675 1135 2752 per
1150 2651 1277 2724 isaiam
1296 2649 1463 2750 hujusce·

401 2766 502 2839 modi
518 2765 649 2865 iniquis
665 2763 871 2867 raptoribus
880 2765 1134 2856 comminatur,
1148 2765 1291 2838 dicens¹
1308 2791 1316 2837 :
1345 2796 1362 2834 α
1380 2765 1459 2840 Vael

400 2885 463 2984 qui
495 2884 682 2984 praedaris,
716 2907 842 2956 nonne
873 2897 909 2957 et
941 2884 1017 2984 ipse
1051 2882 1294 2984 praedaberis?
1326 2887 1370 2957 Et
1398 2886 1463 2985 qui

400 3001 555 3100 spernis,
576 3023 699 3072 nonne
725 3015 760 3073 et
783 3000 860 3101 ipse
887 2999 1093 3100 sperneris?
1113 3004 1206 3074 Cum
1228 3024 1464 3078 consumma·

399 3115 492 3189 veris
508 3113 824 3217 depredationem,
843 3113 1118 3215 depraeduberis.
1135 3143 1154 3184 n

740 3385 997 3457 cuPrtULUu
1021 3385 1114 3455 v111.

398 3573 545 3642 Quomodo
560 3569 1017 3646 mdnplorumpercslctansinm
1032 3587 1112 3643 agros
1129 3568 1158 3624 in
1175 3569 1460 3628 Picudinmcnnrmo

820 3659 939 3717 umcitn
953 3658 1037 3716 venit.

447 3833 533 3902 Post
546 3825 767 3902 deditionem
791 3839 913 3899 autem
928 3822 1072 3924 oppidi,
1098 3823 1190 3896 sicut
1207 3821 1455 3924 premisimus,

398 3944 540 4039 lactum,
560 3968 644 4018 cum
664 3943 741 4041 jam
765 3941 898 4015 mensis
923 3939 1083 4014 octobris
1108 3952 1222 4030 esset,
1249 3935 1459 4012 deliberavit

394 4051 493 4135 idem
512 4060 707 4159 inglomm
719 4083 794 4153 rex,
813 4082 925 4157 quum
937 4057 1081 4154 navigio
1097 4053 1361 4155 expeditionem
1373 4051 1458 4128 illuc

396 4176 611 4268 adduxerat,
643 4174 799 4248 terrestri
828 4155 955 4247 itinere
986 4170 1033 4245 ad
1059 4169 1237 4269 oppidum
1271 4194 1377 4242 suum
1410 4168 1458 4244 de

398 4293 534 4388 Codes’,
553 4293 591 4366 in
616 4289 749 4366 linibus
769 4287 964 4385 llandriae,
982 4287 1169 4379 reducere,
1190 4285 1221 4359 si
1241 4285 1332 4359 forte
1349 4289 1457 4360 Fran·

436 4486 467 4547 1.
486 4486 572 4558 Istic,
587 4467 675 4562 clrep.
688 4499 796 4540 mm.

435 4575 466 4631 2.
488 4570 581 4633 Calais
592 4569 645 4648 qui
656 4567 764 4629 n'evait
779 4585 831 4646 pas
842 4565 922 4626 cesse
932 4563 1129 4644 d’eppartenir
1143 4583 1202 4625 eux
1218 4563 1337 4648 Anglais
1352 4564 1455 4646 depuis

397 4664 486 4724 1347.
