3892 5892
768 918 877 977 LIBER
896 918 1098 978 SECUNDUS.
1426 920 1465 975 89

415 1072 422 1087 ι
452 1033 610 1132 Contigit
625 1035 732 1111 ctiam
749 1051 789 1109 ut
805 1037 900 1109 circa
915 1035 1043 1110 eadem
1061 1058 1163 1137 paene
1179 1050 1343 1134 tempora
1357 1034 1467 1133 oppi-

404 1146 491 1220 dum
513 1175 628 1249 prope
649 1151 938 1249 Rothomagum,
960 1151 1060 1251 quod
1073 1150 1299 1223 Locusveris¹
1316 1150 1463 1241 dicitur,

404 1263 540 1363 Anglici
565 1264 785 1341 obsiderent.
818 1266 927 1357 Quod
956 1291 1041 1339 cum
1069 1265 1240 1338 arietibus
1264 1279 1300 1337 et
1319 1264 1466 1362 gruibus

403 1376 553 1479 aliisque
568 1380 652 1454 belli
671 1382 965 1473 machinamentis
980 1384 1017 1455 vi
1031 1401 1160 1481 magna
1171 1404 1379 1481 oppugnare
1393 1394 1466 1453 ten·

360 1528 368 1547 ·
403 1510 558 1587 tassent,
584 1524 711 1573 omues
746 1515 866 1572 tamen
888 1498 1139 1596 hujuscemodi
1163 1522 1290 1571 eorum
1314 1510 1465 1570 conatus

405 1601 561 1687 frustrati
583 1630 684 1707 suut,
711 1642 778 1689 nec
794 1619 850 1711 vi,
869 1616 968 1716 quod
987 1616 1219 1692 vehementer
1234 1623 1463 1714 optaverant,

404 1729 520 1826 ipsum
560 1731 724 1806 obtinere
760 1749 968 1833 potuerunt.
1003 1738 1087 1807 Erat
1122 1734 1220 1806 enim
1249 1728 1351 1805 locus
1381 1732 1465 1803 satis

402 1842 497 1919 bene
520 1850 679 1923 munitus
701 1864 737 1921 et
758 1874 888 1947 magna
905 1864 1114 1947 vegetorum
1132 1850 1285 1921 miiitum
1309 1848 1465 1920 civium·

403 1984 474 2059 que
504 1966 758 2039 numerositate
785 1967 948 2040 refertus.
985 1966 1094 2057 Quod
1127 1964 1365 2039 verisimiliter
1396 1989 1465 2037 nec

320 2127 326 2136 -
403 2076 628 2153 indefensum
661 2081 708 2155 ad
733 2082 855 2157 hostes
875 2083 1109 2183 pervenisset,
1137 2083 1168 2155 si
1191 2106 1318 2155 eorum
1342 2081 1463 2180 quiin

403 2218 448 2265 eo
468 2194 605 2269 obsessi
627 2200 953 2299 erant'capitaueus
971 2200 1172 2298 prucipuus
1189 2212 1226 2270 et
1250 2198 1343 2271 iuter
1360 2200 1467 2267 Frau-

402 2333 530 2382 corum
555 2310 664 2387 duces
688 2314 820 2387 mitiuae
845 2307 938 2388 illius
961 2315 1133 2413 temporis
1157 2311 1261 2384 valde
1284 2313 1463 2403 famosus,

402 2444 646 2522 cognomento
668 2434 718 2501 La
742 2433 880 2519 He'ere',
909 2431 1058 2502 minime
1079 2428 1126 2502 ad
1148 2428 1308 2501 hostiurn
1337 2452 1466 2499 manus

403 2543 634 2639 pervenisset.
656 2547 786 2619 Eriens
806 2546 904 2620 euim
921 2545 1042 2618 surtim
1060 2545 1236 2643 oppidum
1250 2544 1325 2640 jam
1342 2542 1465 2615 obses·

402 2682 497 2753 sum,
514 2676 553 2733 ut
569 2664 697 2737 clausis
713 2688 921 2737 succursum
933 2662 1148 2748 adduceret,
1167 2686 1250 2734 cum
1266 2674 1381 2733 castra
1397 2659 1465 2733 ob·

402 2776 596 2851 sidentium
612 2796 725 2853 noctu
745 2780 1005 2880 pertransiisset
1023 2791 1060 2853 et
1079 2780 1155 2875 jam
1171 2804 1237 2877 per
1256 2777 1412 2851 dietam¹
1430 2790 1466 2847 et

402 2892 555 2992 amplius
572 2894 619 2987 ab
637 2894 775 2995 oppido
793 2894 1011 2995 elongasset,
1035 2894 1182 2966 fortuito
1199 2894 1350 2989 contigit
1363 2906 1404 2964 ut
1418 2889 1465 2965 ab

402 3030 478 3080 uno
496 3010 607 3084 milite
622 3010 874 3111 burgundione
885 3012 1027 3111 agnitus
1039 3024 1240 3111 caperetur.
1259 3012 1341 3097 Quo
1354 3005 1466 3079 insor-

402 3125 505 3196 tunio
522 3126 688 3199 effectum
705 3142 834 3221 estut,
855 3154 939 3201 cum
956 3128 1120 3227 pluribus
1137 3125 1320 3197 mensibus
1335 3124 1464 3196 decur-

403 3238 452 3331 sis
473 3239 583 3313 sames
606 3257 642 3315 et
658 3245 822 3317 omnium
843 3270 964 3316 rerum
982 3244 1133 3343 penuria
1149 3241 1314 3315 obsessos
1333 3240 1467 3338 afflige-

404 3368 470 3447 ret,
489 3380 556 3429 nec
571 3372 692 3432 tamen
711 3361 783 3452 eis,
803 3374 844 3431 ut
860 3360 1029 3433 auxilium
1048 3359 1281 3460 praeberetur,
1297 3383 1377 3457 spes
1393 3358 1466 3431 ulla

402 3489 622 3572 superesset,
650 3475 870 3550 deditionem
898 3477 1066 3551 facerent.
1096 3482 1178 3565 Qua
1204 3477 1314 3567 facta,
1345 3477 1465 3547 statim

403 3588 537 3685 Anglioi
556 3614 680 3663 muros
699 3606 734 3664 ct
750 3607 871 3691 portas
892 3592 1018 3692 oppidi
1037 3592 1244 3689 dejecerunt
1262 3592 1466 3687 vallumque

402 3728 448 3773 ex
464 3707 620 3780 materiis
636 3706 896 3807 ruderibusque
914 3710 1000 3781 inde
1018 3709 1180 3811 dilapsis,
1197 3711 1348 3809 aliisque
1364 3709 1465 3781 terris

402 3846 422 3891 e
437 3823 602 3920 proximo
621 3826 705 3898 illuc
721 3827 975 3925 comportatis,
994 3826 1301 3924 complanarunt⁸.

442 4088 472 4145 1.
493 4088 645 4149 louviers.
661 4093 734 4168 Voy.
750 4088 909 4166 cidenas,
924 4111 954 4171 p.
973 4093 1025 4156 78.

443 4179 537 4325 21.Ιέ
555 4178 645 4251 Hire,
668 4182 810 4260 capinine
828 4200 946 4263 gascon.
972 4184 1032 4243 Son
1051 4200 1121 4245 nom
1138 4182 1208 4243 erait
1219 4170 1341 4241 Ederae
1358 4178 1396 4240 de
1416 4179 1466 4241 Vi·

402 4284 473 4413 3¹¹3·
496 4310 561 4415 Une
572 4355 694 4429 joumde
708 4357 743 4419 de
756 4358 883 4421 chemin.

442 4446 472 4503 1.
495 4447 586 4505 Lero
603 4446 720 4507 octobre
734 4450 823 4507 1131.
