3892 5892
502 912 541 971 2⁶
781 912 1040 982 utstomstttttt
1059 914 1197 975 cauom
1217 916 1270 974 vll

860 1188 1113 1306 cirirutuu
1137 1238 1196 1305 xi.

535 1450 575 1504 De
585 1446 712 1504 descensu
722 1447 840 1503 serundo
851 1446 960 1502 ilenriei
972 1448 1122 1520 Anglorum
1129 1448 1199 1522 regis
1210 1448 1239 1503 in
1246 1448 1440 1505 Normanniam
1451 1448 1525 1524 upnd

967 1538 1089 1593 Tolum.

546 1719 707 1791 Decurso
723 1740 809 1791 vero
820 1716 983 1807 biennio,
997 1715 1213 1789 instruendis
1225 1715 1395 1789 exercitui
1409 1730 1446 1790 et
1457 1716 1559 1790 classi

498 1833 679 1932 impenso,
706 1856 809 1923 cum,
835 1846 875 1905 ut
898 1831 1032 1907 celebri
1058 1831 1152 1905 sama
1175 1857 1241 1931 per
1263 1846 1380 1905 toturn
1407 1856 1559 1930 regnum

497 1948 652 2021 Francius
660 1947 853 2043 ferebatur,
869 1948 943 2023 dux
955 1948 1255 2046 Burgundionum
1268 1947 1477 2023 foeduscum
1494 1955 1559 2023 ln·

497 2064 640 2163 giorum
666 2088 749 2163 rege
772 2066 1004 2165 percussisset
1012 2069 1035 2157 ¹,
1061 2064 1203 2137 solvens
1222 2090 1243 2138 e
1267 2066 1386 2139 littore
1410 2066 1558 2139 classem

498 2180 693 2279 anglorum
710 2207 776 2255 rex»
786 2183 884 2255 idem
899 2183 1091 2273 Henricus,
1108 2181 1154 2255 de
1171 2207 1246 2279 quo
1259 2206 1369 2281 supra
1383 2182 1556 2277 diximus,

496 2298 544 2371 ad
561 2296 682 2373 littora
692 2301 919 2373 Normanniae
936 2297 1092 2399 appulit,
1111 2311 1278 2371 currente
1296 2322 1394 2371 anno
1411 2300 1559 2371 Domini

423 2460 425 2467 ·
495 2439 538 2485 u.
554 2438 649 2487 cccc.
664 2436 769 2507 xvia,
787 2438 911 2487 mense
924 2428 1089 2511 augusto
1106 2413 1173 2484 Cui
1189 2411 1301 2513 [cum]
1315 2413 1455 2503 Franci,
1466 2410 1557 2513 [qui]

496 2529 723 2603 multitudine
732 2554 923 2605 numerosa
935 2544 1155 2603 armatorum
1168 2528 1559 2629 terraelittoracomple-

494 2646 596 2741 bant,
607 2671 653 2719 ne
662 2648 700 2718 in
710 2663 840 2720 terram
851 2646 1101 2737 descenderet,
1111 2671 1176 2746 per
1191 2646 1281 2719 dies'
1291 2646 1429 2743 aliquot
1437 2647 1558 2720 conati

495 2761 645 2835 fuissent
661 2761 850 2853 obsistere,
874 2762 976 2834 irrito
998 2776 1119 2835 tamen
1142 2786 1269 2835 eorum
1295 2763 1423 2835 annisu
1440 2760 1554 2853 iacto,

469 2979 471 2983 Ι
494 2879 691 2977 Anglorum
706 2879 826 2952 classis
846 2878 968 2952 littora
986 2880 1101 2951 tenuit
1121 2877 1219 2978 apud
1241 2873 1428 2970 Tolcam',
1435 2879 1556 2953 villam
1598 2862 1605 2887 ⁴

495 2997 732 3085 maritimam,
749 3010 786 3069 et
804 2994 876 3069 illio
897 2996 1102 3087 interram,
1125 2994 1337 3069 cedentibus
1354 2994 1417 3093 qui
1435 2994 1482 3068 ad
1497 2995 1557 3068 lit-

493 3125 614 3184 torum
627 3112 866 3186 munitionem
877 3111 1133 3207 adventarant,
1147 3111 1423 3185 descenderunt.
1436 3115 1556 3201 Quan-

494 3243 550 3303 tus
564 3253 652 3303 vero
669 3230 914 3330 terrorpatriae
927 3228 1061 3303 incolas
1073 3229 1258 3321 invaserit,
1272 3242 1427 3327 quantus
1440 3242 1556 3301 metus

492 3370 536 3419 ex
553 3343 631 3417 solo
657 3347 853 3446 Anglorum
880 3348 1028 3421 nomine
1051 3346 1257 3439 incesserit,
1285 3368 1360 3416 non
1386 3358 1439 3416 est
1455 3343 1555 3418 facile

492 3461 623 3537 dicere.
643 3467 695 3537 lta
712 3465 808 3537 euim
824 3478 971 3563 repente
997 3478 1072 3536 tota
1087 3461 1201 3561 patria
1221 3460 1389 3533 exterrita
1409 3459 1496 3550 luit,
1517 3474 1556 3533 ut

491 3577 611 3652 nullus
631 3604 756 3677 paene,
780 3580 848 3651 nisi
863 3581 900 3650 in
923 3578 1001 3651 sola
1019 3578 1122 3675 suga,
1148 3576 1284 3675 aliquid
1307 3575 1375 3648 sibi
1398 3575 1553 3677 presidii

490 3692 654 3767 relictum
671 3719 747 3767 esse
763 3692 976 3767 confideret.
995 3697 1039 3766 Et
1056 3693 1125 3766 uisi
1144 3694 1182 3763 in
1198 3691 1376 3792 plerisque
1400 3688 1553 3764 civitati-

491 3810 558 3883 bus
575 3826 611 3883 et
624 3810 767 3914 oppidis
783 3833 805 3882 a
824 3811 1042 3910 capitaneis,
1060 3809 1191 3909 quibus
1207 3809 1372 3882 locorum
1388 3809 1552 3883 custodia

491 3927 661 4003 mandata
681 3940 780 4017 erat,
796 3926 968 4000 obseratae
988 3925 1136 4001 fuissent
1150 3939 1283 4026 portae,
1308 3941 1345 3999 et
1363 3927 1489 4000 incolae
1515 3927 1550 3998 vi
1632 3997 1639 4014 ,

530 4142 560 4200 1.
583 4145 629 4199 Au
649 4138 724 4215 sujet
740 4136 777 4198 de
796 4157 829 4197 ce
848 4135 932 4197 traitd
954 4136 1007 4215 qni
1032 4135 1077 4195 fut
1097 4136 1227 4211 toujours
1254 4148 1324 4197 tenu
1344 4149 1454 4212 secret,
1484 4138 1551 4199 voir

489 4236 530 4291 Μ.
541 4230 688 4306 Michelet,
702 4236 828 4291 Histoire
839 4231 875 4286 de
886 4232 1006 4299 blance,
1021 4240 1044 4288 t.
1058 4230 1109 4301 1v‚
1124 4246 1155 4307 p.
1170 4228 1242 4302 3⁴2,
1256 4240 1324 4289 note
1338 4230 1368 4286 2.

530 4324 559 4379 Ξ.
582 4326 616 4380 Je
628 4321 742 4403 corrige
755 4320 784 4379 la
795 4322 878 4397 leoon
887 4316 926 4377 du
940 4315 1098 4377 manuscrit
1109 4335 1145 4376 en
1159 4316 1341 4395 supprimant
1353 4339 1388 4375 oc
1400 4317 1482 4398 place
1497 4316 1549 4375 de-

489 4414 686 4485 rantperdtes
693 4424 723 4471 et
731 4430 767 4471 en
777 4408 981 4490 suppldantles
990 4418 1064 4467 mors
1072 4419 1155 4467 entre
1162 4406 1409 4469 crochetsdansle
1419 4407 1550 4469 membre

488 4498 654 4581 prdcedent.

530 4592 560 4652 3.
582 4592 733 4668 Touqnes,
755 4588 1007 4651 al’embouchure
1023 4588 1061 4649 de
1073 4588 1102 4649 la
1119 4588 1206 4665 Dirc,
1222 4588 1408 4663 aujourd'lrui
1427 4589 1499 4651 dans
1520 4588 1548 4649 le

488 4680 686 4761 departement
700 4677 740 4740 du
752 4680 904 4746 Calvados.
918 4684 973 4742 Les
986 4678 1156 4741 manuscrits
1169 4690 1287 4760 portent
1298 4682 1422 4741 Cotum.
