3892 5892
532 904 588 961 118
808 895 1065 955 fflsrotusnnn
1082 894 1219 953 canon
1239 897 1291 952 vn

530 1044 609 1120 que
625 1037 702 1093 tum
721 1018 794 1093 illic
809 1019 1028 1093 atrocissime
1041 1016 1261 1090 saeviebant¹.
1288 1018 1359 1091 ssd
1377 1044 1445 1094 nec
1462 1042 1581 1119 pauco

530 1134 780 1235 temporehaec
796 1135 915 1233 patriis
930 1132 1023 1206 illius
1035 1133 1176 1205 vastitas
1188 1146 1296 1231 atque
1310 1133 1463 1207 desertio
1475 1136 1582 1208 dura·

531 1252 593 1325 vit.
612 1252 740 1323 Mansit
761 1250 858 1321 enim
883 1246 976 1319 ultre
996 1248 1122 1321 decern
1140 1272 1274 1340 annos,
1298 1264 1339 1321 ut
1360 1249 1526 1323 salicibus
1546 1265 1582 1324 et

530 1364 721 1439 arboribus
735 1365 859 1453 variis,
873 1362 985 1461 spinis
999 1386 1043 1435 ac
1055 1362 1225 1457 dumetis,
1245 1385 1372 1438 omnes
1381 1367 1461 1462 'agri
1473 1366 1512 1437 in
1525 1365 1583 1437 sil·

530 1508 657 1557 ,varum
674 1506 811 1554 morem
827 1478 1117 1553 densissimorum
1133 1494 1355 1577 tegerentur,
1385 1482 1581 1555 striarum

530 1614 637 1695 atque
653 1598 820 1671 itinerum
838 1597 895 1667 vix
909 1594 982 1666 ulla
992 1595 1067 1690 jam
1081 1608 1294 1693 apparerent
1309 1597 1467 1691 vestigia.

579 1713 698 1787 Talem
715 1714 833 1809 itaque
846 1724 882 1782 et
897 1725 970 1783 tam
985 1709 1251 1783 lamentabilem
1267 1711 1406 1785 cladem
1421 1713 1482 1784 illa
1496 1728 1582 1785 tune

531 1829 629 1924 regio
645 1827 1014 1923 sustinuitaSequana
1024 1824 1134 1897 fluvio
1143 1841 1255 1923 usque
1266 1826 1315 1899 ud
1325 1829 1579 1914 sumnonem,

531 1958 568 2014 et
584 1940 630 2015 ab
650 1946 744 2015 Isara
763 1940 942 2039 usquead
962 1944 1167 2032 Oceanumr
1194 1964 1304 2039 quam
1324 1942 1451 2041 procul
1473 1940 1582 2013 dubio

532 2060 632 2132 facile
657 2060 790 2131 evitare
812 2058 1006 2157 potuisset,
1024 2058 1054 2128 si
1072 2058 1109 2128 in
1134 2058 1278 2129 Francis
1298 2056 1370 2129 ulla
1385 2056 1495 2150 fides,
1511 2056 1585 2130 ulla

531 2176 644 2275 pietas
676 2189 712 2247 et
738 2152 897 2246 militaris
922 2172 1109 2271 disciplina
1138 2187 1224 2248 tune
1254 2171 1415 2245 luissent.
1441 2178 1531 2245 Nam

531 2290 602 2363 illic
617 2291 817 2389 quingentae
829 2288 1080 2362 [antummodo
1091 2288 1236 2380 lancee,
1249 2287 1296 2360 ad
1308 2288 1586 2363 conducendum

531 2404 632 2477 illum
649 2408 867 2479 Francorum
884 2405 958 2501 regi
969 2403 1241 2505 ⁸deuotissirnum
1256 2389 1449 2501 populum,
1473 2406 1587 2479 missu

533 2519 680 2595 fuissent
690 2522 758 2594 sub
773 2520 854 2593 fidis
870 2518 1043 2606 ducibus,
1061 2516 1321 2617 rempublicam
1333 2519 1437 2591 cordi
1451 2519 1588 2593 huben·

534 2636 649 2726 tibus,
663 2652 700 2710 et
711 2638 996 2732 Rothomagurn,
1012 2648 1049 2706 et
1057 2650 1184 2707 cetera
1194 2634 1288 2707 illius
1299 2637 1419 2733 petriae
1432 2638 1586 2735 oppida,

533 2752 658 2825 labore
674 2766 710 2826 et
725 2752 890 2851 periculis
906 2750 999 2823 illius
1013 2750 1140 2847 optimi
1149 2750 1294 2847 populi,
1309 2751 1444 2849 absque
1456 2773 1588 2851 magno

533 2882 569 2939 et
585 2866 719 2938 difficili
742 2866 905 2961 negotio,
925 2876 1212 2961 recuperassent,
1230 2877 1268 2936 et
1286 2865 1333 2937 de
1356 2866 1475 2963 Anglis
1491 2866 1591 2941 illam

533 2983 685 3079 patriam
699 2995 970 3080 repurgassent,
989 2981 1234 3075 integramque
1249 2994 1356 3077 atque
1372 2983 1591 3057 incolumem

534 3110 742 3169 servassent.
775 3100 854 3168 Non
883 3096 981 3167 enim
1009 3094 1129 3166 minus
1156 3094 1456 3195 Rothomagenses
1478 3100 1517 3173 id
1538 3096 1592 3173 al-

534 3211 712 3285 seetabant
728 3228 1009 3311 ceterorumque
1027 3212 1246 3312 oppidorum
1270 3215 1386 3307 cives,
1409 3236 1521 3313 qurum
1540 3218 1593 3291 illi

537 3350 704 3424 agrorum
721 3330 868 3430 populi,
889 3330 1050 3429 quotidie
1066 3329 1309 3427 prestolantes
1333 3345 1374 3403 ut
1401 3331 1447 3405 ad
1469 3356 1509 3406 se
1528 3354 1592 3433 ng·

536 3468 620 3517 men
645 3444 733 3519 illud
757 3446 986 3547 popularium
1013 3444 1237 3538 adventaret,
1257 3460 1298 3517 ut
1313 3442 1379 3545 ipsi
1403 3470 1441 3519 se
1457 3448 1504 3519 de
1525 3454 1593 3521 An·

537 3562 634 3656 glicis
650 3565 816 3663 expedire
837 3565 1140 3665 opportunitatem
1155 3562 1342 3635 haberent.
1369 3564 1439 3636 Sed
1454 3588 1530 3637 non
1548 3588 1592 3638 ea

536 3676 675 3750 affectio
697 3692 758 3749 aut
775 3700 860 3752 cura
881 3680 945 3750 suit
969 3677 1038 3750 illis
1054 3682 1273 3751 Francorum
1288 3665 1439 3752 ducibus
1454 3682 1592 3780 patria·

537 3816 607 3889 que
621 3792 714 3865 illius
732 3792 936 3884 nobilibus,
955 3795 1019 3889 qui
1029 3792 1113 3866 illuc
1124 3809 1364 3867 occurrerant.
1381 3788 1593 3869 invidebant

537 3911 635 3982 enim
650 3910 787 4009 populo
803 3923 1105 4008 proptereaque
1124 3912 1239 3984 abeis
1262 3932 1432 4011 prospere
1456 3913 1593 3986 initiata

538 4024 694 4119 iirerant,
717 4025 784 4097 sibi
809 4048 979 4123 magnum
1003 4026 1202 4123 periculum
1224 4042 1262 4101 et
1285 4033 1504 4101 Francorum
1520 4029 1594 4099 im·-

538 4142 638 4239 perio
655 4139 841 4215 imminere
861 4140 1044 4243 falsissime
1061 4156 1169 4240 atque
1185 4144 1392 4242 impiissime
1401 4143 1591 4241 jactantes,

539 4258 569 4327 si
594 4260 750 4359 populos
774 4260 853 4333 illos
876 4274 975 4334 tanta
999 4260 1145 4335 felicitas
1167 4276 1376 4361 sequeretur
1401 4275 1441 4335 ut
1465 4257 1595 4360 anglos

580 4521 610 4576 t.
626 4520 668 4577 Le
682 4520 775 4581 meme
791 4518 905 4582 tabieau
923 4538 954 4582 se
971 4534 1108 4584 retronve
1125 4538 1196 4582 arec
1216 4540 1249 4582 ee
1268 4518 1385 4580 dernier
1397 4514 1464 4576 uait
1475 4512 1546 4573 dans
1567 4510 1595 4571 le

540 4602 744 4675 Bmttoqutum
758 4601 795 4661 de
808 4615 892 4662 notre
903 4615 1019 4665 auteur.
