3892 5892
513 904 571 965 too
796 902 1055 965 mstontttttttt
1075 901 1213 963 CAROH
1231 902 1286 961 vn

831 1217 983 1299 LIBER
1022 1216 1251 1297 TERTIUS.

977 1465 1109 1483 φ

805 1620 1063 1706 capitutum
1088 1636 1279 1706 effluunt.

509 1817 669 1887 Quanquam
683 1834 736 1888 pax
749 1816 819 1869 iactu
834 1828 860 1869 et
872 1818 961 1889 jurata
973 1817 1025 1870 fuit
1037 1816 1209 1889 interregem
1222 1816 1349 1870 Catulum
1361 1828 1388 1869 et
1404 1815 1574 1890 Philippum,

544 1904 768 1980 Burgundionum
781 1902 893 1973 ducem,
908 1904 1055 1960 concordia
1068 1918 1157 1961 tamen
1170 1905 1243 1959 nulla
1261 1922 1311 1958 nec
1326 1903 1443 1958 amicitia
1454 1918 1500 1958 ant
1515 1924 1575 1960 rm

546 1994 605 2053 fuit.

557 2193 646 2261 Pace
667 2190 773 2285 igitur
788 2189 880 2263 sacta
898 2204 933 2263 et
957 2190 1146 2263 conciliata
1170 2189 1267 2289 apud
1289 2188 1514 2276 Atrebatum,
1535 2204 1575 2260 ut

509 2306 764 2407 premisimus,
794 2306 885 2378 inter
912 2305 1099 2397 Ceruium,
1120 2311 1342 2378 Francorum
1368 2325 1512 2401 regem,
1537 2319 1574 2377 et

509 2419 725 2521 Philippum,
751 2418 1050 2516 Burgundionum
1069 2418 1217 2514 ducem,
1242 2444 1306 2520 per
1324 2420 1574 2517 hujuscemodi

509 2540 606 2637 pacis
620 2538 793 2637 capitulo,
811 2538 965 2636 piurima
983 2535 1088 2609 valde
1106 2536 1347 2610 favorabiliter
1362 2561 1385 2609 a
1403 2561 1488 2634 rege
1505 2537 1573 2636 ipsi

508 2679 678 2729 concessa
697 2669 781 2726 sunt
808 2654 975 2754 Philippo
999 2669 1034 2726 et
1057 2652 1210 2725 indulta.
1231 2653 1374 2752 Accepit
1390 2654 1487 2725 enim
1504 2678 1572 2753 pro

510 2796 547 2843 se
571 2784 606 2841 et
630 2768 832 2841 heredibus
857 2769 929 2839 suis
953 2769 1111 2841 civitates
1127 2782 1163 2839 et
1189 2768 1380 2841 comitatus
1403 2768 1571 2841 Autissio-

507 2888 679 2959 doreuses
695 2900 731 2958 et
746 2886 1050 2976 Matisconenses,
1069 2910 1153 2957 cum
1179 2885 1342 2984 pluribus
1364 2886 1440 2959 aliis
1467 2888 1572 2986 oppi-

511 3004 567 3073 dis
599 3025 641 3072 ac
668 3000 769 3073 terris
799 3024 878 3097 quae
903 2999 993 3097 juris
1020 3025 1163 3072 corouae
1187 3014 1224 3072 et
1250 3000 1423 3098 regalium
1451 3017 1567 3073 eraut.

400 3202 403 3209 ¹
513 3118 654 3217 Accepit
675 3130 711 3189 et
734 3116 891 3189 civitates
915 3142 1042 3189 omues
1066 3132 1173 3215 atque
1193 3118 1336 3191 castella
1358 3120 1415 3191 vel
1434 3118 1570 3218 oppida

506 3260 585 3333 quae
608 3258 716 3333 supra
738 3232 873 3305 flumen
901 3235 1110 3307 Summonae
1130 3258 1173 3307 ex
1201 3250 1353 3333 utraque
1371 3234 1449 3335 ripa
1473 3260 1569 3307 con-

506 3351 653 3442 sistunt,
680 3348 859 3447 simulque
888 3350 1012 3423 omnia
1031 3374 1112 3448 quae
1143 3347 1238 3423 ultra
1270 3350 1407 3421 dictum
1434 3350 1567 3423 flumen

506 3480 609 3552 sunt,
642 3490 764 3538 versus
786 3463 1009 3559 Flandriam,
1028 3480 1102 3538 tam
1133 3467 1169 3538 in
1195 3490 1306 3564 regno
1329 3490 1437 3563 quam
1470 3484 1569 3541 extra

506 3606 676 3679 regnum,
707 3582 745 3653 in
775 3582 877 3653 terris
897 3582 1041 3680 imperii
1069 3582 1319 3674 consistentia,
1342 3606 1423 3679 quae
1443 3582 1568 3682 adjus

506 3700 643 3796 regium
670 3697 907 3796 pertinebant.
936 3695 1007 3769 Sed
1033 3696 1241 3793 hujusmodi
1272 3712 1382 3769 terras
1411 3697 1568 3771 fluminis

505 3820 711 3887 Summouae
727 3836 810 3885 cum
826 3836 950 3920 earum
969 3811 1155 3903 fructibus,
1174 3812 1473 3903 obventionibus,
1491 3840 1568 3887 vec·

506 3932 670 4030 tigaiibus
687 3953 729 4001 ac
746 3928 887 4001 tributis
903 3928 1041 4027 accepit
1061 3928 1235 4002 tenendas
1253 3953 1295 4001 ec
1317 3928 1564 4029 possidendas,

506 4044 743 4146 quoadusque
759 4068 826 4144 pro
839 4067 963 4137 earu-m
975 4042 1124 4115 luitione
1136 4040 1205 4114 sibi
1221 4044 1566 4142 quadringentorum

506 4164 603 4237 mille
628 4148 813 4235 scutorum
835 4184 978 4233 summa
1005 4158 1187 4258 persoluta
1207 4176 1317 4250 esset,
1338 4176 1401 4235 aut
1415 4162 1567 4237 haeredi·

504 4279 572 4352 bus
591 4308 598 4353 ε
618 4303 661 4352 ea
674 4277 807 4352 etenim
823 4298 965 4348 summa
983 4276 1183 4374 persoluta,
1202 4274 1373 4351 fructibus
1388 4303 1511 4351 earum
1528 4280 1567 4351 in

506 4419 585 4469 eam
612 4395 759 4467 minime
782 4392 982 4493 imputatis,
1001 4391 1048 4464 ad
1070 4390 1128 4489 jus
1147 4416 1292 4465 coronae
1315 4394 1566 4493 hujuscemodi

505 4526 605 4585 terrae
622 4512 733 4585 libere
749 4525 786 4584 et
802 4512 878 4585 siue
896 4510 1141 4583 controversia
1156 4513 1286 4585 reverti
1299 4512 1492 4588 debebant.

554 4630 644 4697 (lum
664 4641 784 4699 autem
807 4642 881 4700 tam
903 4650 989 4701 caro
1004 4639 1123 4727 empta
1143 4625 1265 4700 fuisset
1280 4652 1345 4728 per
1360 4652 1480 4726 regem
1496 4652 1564 4728 pax
