3892 5892
553 869 611 927 208
838 868 1096 927 fflsmmlnuu
1117 866 1254 926 cauom
1280 868 1332 923 vn

551 991 694 1082 dentes,
713 1014 780 1064 nec
794 991 864 1065 sibi
887 1007 973 1065 tunc
994 1016 1078 1065 cum
1100 1014 1144 1063 eo
1160 988 1332 1086 congredi
1352 1002 1468 1066 tutum
1486 991 1625 1065 existi-

551 1098 709 1200 mantes,
725 1128 809 1182 cum
824 1122 1031 1208 properaret
1045 1131 1213 1208 vespera,
1230 1106 1299 1178 alio
1310 1105 1552 1202 diverterunt,
1584 1126 1625 1183 et

551 1230 683 1327 Anglos
697 1229 797 1303 abire
813 1229 1078 1325 Rothomagum
1092 1228 1351 1337 permiserunt.

600 1352 691 1441 Cum
718 1353 806 1419 ¹vero
830 1346 983 1418 obsessis
1013 1345 1085 1440 jam
1111 1366 1322 1443 succursum
1348 1342 1507 1415 habendi
1533 1370 1618 1444 spes

550 1462 736 1553 deiiceret,
754 1477 791 1534 et
805 1460 991 1532 tormentis
1006 1474 1113 1555 atque
1129 1458 1315 1557 petrariis,
1336 1468 1537 1556 rerumque
1550 1486 1617 1534 ne-

550 1578 781 1652 cessariarum
797 1575 948 1675 penuria
963 1588 1196 1672 urgerentur,
1219 1574 1310 1644 arcis
1326 1572 1363 1645 in
1381 1596 1454 1673 qua
1471 1573 1616 1671 obside-

550 1694 683 1767 bantur
699 1691 918 1764 deditionem
943 1688 1103 1783 fecerunt
1114 1693 1138 1782 ¹,
1158 1689 1278 1785 sicque
1298 1689 1474 1785 aErancis
1496 1704 1615 1763 totum

550 1809 760 1882 Vemolium
775 1809 960 1905 receptum
977 1819 1041 1878 est.
1061 1802 1226 1877 Obsessis
1245 1804 1352 1875 etiam
1371 1804 1414 1875 iis
1429 1807 1492 1901 qui
1509 1808 1615 1910 oppi-

550 1930 638 2005 dum
652 1928 833 2025 Fulgeriis,
853 1927 986 2026 dequo
1003 1925 1207 2015 retulimus,
1223 1926 1261 1997 in
1278 1925 1473 2012 Britannia,
1489 1927 1614 2001 furtim

549 2037 777 2135 introierant,
796 2070 879 2117 cum
901 2043 1126 2121 defendendi
1145 2043 1237 2115 vires
1263 2067 1409 2141 spemve
1426 2066 1614 2119 succursus

547 2159 707 2233 habendi
722 2184 743 2233 a
767 2162 839 2233 suis
855 2153 1003 2231 minime
1020 2158 1194 2231 haberent
1205 2156 1397 2248 ,similiter
1415 2159 1523 2231 etiam
1546 2160 1613 2260 ipsi

551 2276 771 2349 deditionem
787 2275 979 2348 fecerunt⁸.
1038 2366 1040 2369 Ι

601 2398 645 2465 Et
662 2394 737 2491 jam
761 2391 881 2491 palam
896 2406 933 2464 et
952 2390 1153 2482 manifeste,
1176 2392 1252 2464 sine
1277 2392 1400 2489 aliquo
1425 2392 1613 2469 velaminis

551 2507 819 2603 integumento,
835 2508 1055 2575 Francorum
1072 2528 1131 2575 rer
1144 2558 1155 2595 ,
1168 2504 1273 2600 prius
1291 2517 1430 2576 matura
1442 2504 1613 2580 delibera·

551 2618 786 2693 tione‘habita
807 2644 913 2717 super
927 2618 1000 2691 hoc
1024 2642 1108 2689 cum
1130 2616 1250 2689 multis
1271 2618 1493 2717 principibus
1511 2622 1613 2719 regui

552 2732 607 2803 sui
629 2754 671 2802 ac
686 2730 810 2827 peritis
826 2728 937 2799 divini
953 2741 990 2798 et
1005 2727 1158 2799 humani
1174 2727 1281 2823 juris,
1301 2730 1339 2801 in
1356 2727 1479 2802 hostes
1494 2756 1605 2822 suos,

551 2860 722 2940 tanquam
746 2837 934 2914 violatores
960 2858 1185 2935 treugarum,
1213 2844 1297 2915 totis
1319 2844 1455 2919 viribus
1475 2844 1610 2918 bellum

551 2984 672 3058 gerere
689 2958 858 3032 decrevit.
1182 2944 1187 2951 ’

656 3290 664 3307 .
811 3245 836 3283 „
888 3192 1144 3275 emuniuit
1168 3192 1259 3261 xvv.
1293 3170 1295 3173 ’

716 3371 836 3439 Qualiter
846 3371 945 3425 Franci
955 3368 1230 3443 Pontem-Audomeri
1241 3374 1436 3444 expugnarunt.
1532 3452 1536 3461 1

583 3520 738 3595 ,ΤαΙίὴιιε
762 3520 882 3618 itaque
898 3535 1072 3616 tanquam
1089 3517 1269 3615 praeludiis
1286 3520 1503 3617 quibusdam
1519 3542 1607 3622 prte-

547 3640 698 3729 habitis,
717 3638 825 3710 nullis
836 3640 911 3736 jam
924 3636 1200 3738 prohibentibus
1215 3640 1366 3738 treugis,
1380 3666 1459 3739 quae
1471 3699 1481 3734 ,
1495 3639 1605 3747 modo

546 3780 655 3855 quem
675 3753 882 3859 retulimus,
900 3752 1011 3824 finem
1028 3768 1238 3852 acceperant
1249 3756 1272 3845 ⁸,
1289 3754 1410 3827 denuo
1427 3755 1473 3827 ad
1491 3771 1606 3829 certa-

546 3896 630 3947 men
645 3873 738 3943 inter
755 3874 910 3941 Francos
921 3884 1028 3967 atque
1042 3869 1205 3965 Anglicos
1222 3872 1433 3969 perventum
1450 3888 1514 3945 est.
1528 3878 1604 3945 Non

587 4071 616 4127 l.
639 4072 681 4126 Le
694 4069 733 4125 23
747 4064 817 4124 aorlt
829 4066 918 4123 tete.
1408 4140 1410 4145 ,

585 4162 615 4217 2.
638 4160 677 4217 Ce
691 4166 911 4215 recouvrement
923 4158 1005 4214 n'eut
1016 4154 1075 4213 lieu
1088 4154 1158 4233 qu'a
1172 4156 1200 4214 la
1214 4156 1254 4213 lin
1268 4154 1305 4215 de
1321 4155 1435 4216 l’anne‘e
1447 4160 1538 4230 tete,
1553 4176 1605 4239 per

543 4248 573 4307 la
583 4248 723 4329 diligenoe
735 4244 842 4305 duduc
855 4245 893 4304 de
906 4248 1062 4325 Bretagne,
1072 4243 1123 4323 qui
1138 4243 1191 4303 tint
1204 4243 1233 4305 la
1246 4245 1328 4325 place
1341 4246 1468 4326 assiege‘e
1479 4247 1605 4327 pendant

543 4334 623 4398 ‹leux
637 4335 720 4395 mois.

585 4428 614 4483 3.
636 4424 758 4504 D’apres
783 4424 810 4482 le
830 4423 947 4482 dernier
962 4422 1066 4483 accord
1087 4424 1169 4502 passe
1185 4440 1266 4485 entre
1282 4425 1422 4497 leedeux
1441 4446 1604 4507 gouverne·

543 4523 657 4583 ments,
677 4512 706 4571 le
726 4512 808 4570 treve
826 4510 924 4571 devait
946 4513 1063 4593 expirer
1077 4511 1105 4570 le
1122 4515 1163 4569 μ’
1177 4512 1241 4588 juin
1261 4517 1349 4574 ute.
1374 4517 1514 4588 stanter,
1533 4514 1602 4573 dens

542 4598 703 4677 oodeeoy,
718 4620 750 4680 p.
766 4604 836 4659 tes.
