3892 5892
677 840 682 855 '
740 870 850 931 unm
870 872 1072 933 sncunons.
1400 884 1439 940 os

375 1022 438 1070 seu
459 995 596 1070 insidiis
620 1018 729 1096 super
744 996 956 1069 alterutrum
972 999 1053 1097 copi
1078 1002 1302 1098 potuissent,
1322 1007 1440 1077 conti·

376 1120 425 1217 git
451 1134 491 1191 ut
514 1118 589 1191 dux
620 1117 809 1209 Borbonii‚
843 1118 906 1214 qui
936 1107 1107 1217 Philippi,
1142 1124 1438 1217 Burgundionum
1546 1100 1550 1113 Ι

376 1238 496 1329 ducis,
517 1259 681 1309 sororem
708 1234 865 1307 habebnt
886 1235 923 1305 in
949 1236 1160 1331 conjugem,
1184 1262 1227 1309 ex
1250 1242 1352 1314 terris
1368 1245 1441 1317 suis

377 1366 523 1451 accepta
539 1364 759 1426 armatorum
773 1349 1014 1441 multitudine,
1035 1364 1146 1425 terras
1163 1356 1375 1452 Burgundiae
1392 1362 1442 1433 vi-

376 1470 474 1541 cinas
489 1467 555 1540 sibi
573 1471 726 1567 graviter
743 1466 922 1539 infestaret
935 1480 969 1539 et
984 1466 1140 1565 plurima
1155 1470 1207 1542 eis
1226 1472 1441 1551 detrimenta

376 1586 551 1659 inferret¹.
572 1583 711 1674 Quibus
724 1582 965 1655 incommodis
981 1608 1175 1658 occurrens
1193 1587 1290 1660 idem
1310 1589 1441 1692 Phiiip-

376 1728 456 1803 pus,
476 1702 539 1801 qui
555 1701 664 1801 paulo
680 1714 763 1773 ante
780 1697 1008 1773 Brabantiam
1027 1726 1093 1798 per
1115 1701 1254 1775 obitum
1272 1704 1438 1805 Philippi,

377 1819 478 1891 ducis
503 1818 612 1916 ipsius
638 1814 851 1907 Brnbantiae,
881 1840 923 1887 ex
947 1815 1103 1911 legitima
1123 1821 1348 1895 successione
1373 1824 1441 1897 sibi

378 1935 587 2025 vindicarat,
600 1936 637 2006 in
648 1932 889 2030 Burgundiam
904 1956 947 2003 ex
957 1929 1146 2007 Brabantia
1161 1936 1438 2035 profectusest¹3

378 2050 459 2143 ubi,
477 2052 627 2123 collecto
644 2050 821 2139 exercitu,
838 2072 913 2119 sese
936 2048 982 2123 de
996 2049 1134 2147 injuriis
1153 2053 1272 2127 sibiet
1288 2057 1362 2128 suis
1378 2082 1443 2157 per

378 2168 516 2241 dictum
532 2166 662 2237 ducem
680 2163 851 2237 Borbonii
877 2163 1062 2259 irrogatis,
1086 2168 1207 2240 ulcisci
1235 2170 1438 2246 destinavit.

381 2266 570 2379 degressus
593 2282 698 2377 igitur
727 2280 803 2376 ejus
829 2292 961 2369 terras,
986 2282 1099 2354 multa
1131 2283 1222 2357 inibi
1245 2288 1302 2358 vei
1330 2312 1443 2388 enpu-

378 2396 546 2495 gnnndo,
573 2395 630 2467 vel
652 2394 854 2466 obsidendo
881 2394 1048 2467 fortalitia
1068 2410 1104 2468 et
1125 2398 1260 2497 oppido
1282 2405 1437 2501 accepit,

378 2513 554 2611 pluraque
570 2510 807 2583 verisimiliter
821 2510 1031 2607 accepisset,
1060 2513 1128 2585 nisi
1150 2514 1248 2587 idem
1274 2517 1442 2591 Borbonii

379 2624 473 2714 dux,
491 2624 538 2697 ad
555 2623 846 2723 componendam
857 2646 984 2721 pacem
999 2626 1334 2729 conciliandamque
1348 2633 1443 2704 inter

378 2740 546 2812 Cnrolurn
558 2764 680 2837 regem
692 2754 727 2813 et
743 2738 880 2811 dictum
891 2741 1189 2837 Burgundionum
1207 2744 1339 2819 ducem
1352 2748 1442 2821 nmi-

377 2855 498 2929 oitinm
513 2868 549 2929 et
563 2853 809 2945 concordium,
825 2854 989 2927 animum
1004 2858 1236 2933 convertisset
1243 2862 1267 2934 ⁸.

725 3135 983 3206 CAPiTULUM
1006 3138 1098 3207 xxt.

379 3320 499 3389 Qualiter
508 3332 534 3376 st
544 3317 683 3393 quomodo
695 3318 839 3373 timentum
850 3330 888 3373 est
899 3316 934 3371 nd
946 3328 1087 3372 tractorum
1105 3319 1179 3391 pneis
1191 3321 1265 3375 taces
1276 3322 1306 3375 in
1315 3324 1443 3379 dochum

563 3410 633 3467 inter
644 3410 769 3465 Carnium
781 3426 871 3481 regom
883 3419 909 3461 et
919 3406 1016 3461 ducem
1028 3408 1263 3481 Burgundionum.

429 3574 483 3649 td
500 3598 541 3649 en
559 3574 666 3675 igitur
682 3598 761 3673 quae
783 3572 882 3673 pacis
909 3584 1044 3645 suntet
1066 3596 1132 3671 per
1147 3596 1226 3670 quae
1245 3572 1360 3648 feralis
1384 3576 1444 3650 itta

380 3693 549 3767 odiorum
563 3706 600 3765 et
616 3690 883 3764 inimicitiarum
897 3688 1014 3762 rabies
1023 3690 1197 3788 exstingui
1213 3706 1345 3791 posset,
1365 3718 1445 3793 qnae

421 3910 450 3967 i.
472 3908 552 3969 Cette
564 3922 670 3985 guerre
687 3904 737 3983 qui
754 3903 827 3963 durs
842 3903 969 3985 pendent
982 3916 1062 3965 toute
1073 3904 1188 3965 i'nnnie
1204 3909 1284 3965 stet
1302 3918 1353 3967 eut
1369 3926 1447 3988 pour

380 3995 491 4059 the'dtre
505 3995 533 4057 lo
549 3994 707 4057 chemicis.

420 4088 450 4145 B.
473 4084 711 4147 dunchronisrne.
728 4088 769 4143 Le
786 4083 843 4143 duc
856 4083 893 4143 de
903 4082 1031 4143 Brnbnnt
1041 4096 1159 4144 mourut
1170 4104 1208 4143 en
1224 4087 1303 4144 tuto
1317 4086 1446 4164 pendant

381 4174 408 4235 ie
424 4174 502 4255 sicge
524 4174 560 4235 de
578 4176 765 4255 Compidgne.
785 4178 921 4235 L’crreur
936 4174 973 4233 de
988 4174 1113 4235 i'nutoor
1128 4176 1208 4234 vient
1229 4175 1268 4235 de
1286 4198 1320 4235 ce
1339 4198 1397 4255 qne
1417 4179 1445 4238 ie

380 4264 437 4323 dur
450 4262 487 4323 de
497 4270 670 4347 Bourgognc
683 4264 739 4325 niis
753 4282 790 4323 en
803 4262 927 4325 Finndrc
941 4264 1069 4342 pendent
1080 4264 1109 4323 ia
1125 4284 1230 4343 guerre
1242 4283 1301 4342 qne
1311 4262 1354 4323 ini
1368 4266 1400 4325 Bt
1416 4266 1445 4327 ie

289 4384 291 4389 ·
382 4354 438 4415 duc
453 4354 489 4415 de
504 4356 640 4420 Bourbon
652 4400 660 4431 ,
671 4356 778 4434 etqu'ii
791 4356 849 4415 nilo
864 4356 1023 4432 inurens,
1037 4367 1111 4415 cette
1124 4374 1230 4433 guerre
1243 4353 1382 4414 acherio.

423 4446 452 4503 3.
472 4446 528 4505 Les
545 4443 623 4505 deux
642 4444 713 4503 durs
727 4443 763 4504 de
778 4448 952 4524 Bourgogne
964 4456 994 4505 et
1009 4442 1046 4502 de
1058 4442 1194 4503 Bourbon
1209 4442 1345 4502 sevirent
1364 4456 1393 4503 et
1413 4462 1445 4503 se

381 4530 602 4685 rgconciiidrent
615 4534 752 4595 unsvers
764 4553 804 4593 nu
815 4534 891 4595 mois
903 4532 1061 4609 dejanrier
1073 4536 1162 4594 tttt.
1172 4533 1351 4613 monstrelet,
1366 4532 1388 4598 l.
1403 4538 1443 4609 11,

382 4644 398 4683 c
423 4640 558 4683 mutu.
