3892 5892
742 914 851 975 matu
870 911 1072 978 SECUNDUS.
1402 922 1441 980 69

382 1036 500 1117 sibiet
515 1037 666 1111 obsessis
682 1039 818 1137 totique
834 1064 946 1137 regno
964 1042 1150 1115 imminere
1161 1043 1393 1117 incommoda
1407 1060 1444 1118 et

382 1152 597 1229 calamitates
610 1155 759 1229 minime
775 1155 1014 1231 addubitaret.

746 1469 1000 1541 caruuauu
1025 1472 1069 1541 Χ.

410 1660 529 1730 Qualiter
541 1680 588 1715 aux
600 1660 718 1715 Puellam
732 1662 865 1716 Joannam
878 1660 913 1715 ad
926 1661 1090 1735 colloquium
1102 1662 1225 1731 admisit,
1236 1676 1263 1719 et
1274 1682 1333 1719 eam
1344 1668 1425 1720 muria

762 1764 840 1823 atque
850 1752 924 1823 equis
935 1751 1067 1808 instruxit.

432 1939 634 2036 lgiturcum
648 1936 732 2011 talia
747 1962 979 2037 perseverans
994 1937 1239 2014 indesinenter
1255 1926 1449 2041 ingereret,

384 2054 489 2128 etde
526 2052 738 2127 liberatione
763 2054 915 2126 civitatis
941 2055 1202 2128 Aurelianensis
1223 2055 1448 2155 obsessisque

383 2168 632 2243 subveniendo
646 2168 744 2241 nulla
756 2194 850 2268 spes,
867 2167 930 2241 sed
946 2169 1067 2269 potius
1084 2170 1181 2269 apud
1195 2195 1322 2244 omnes
1337 2171 1447 2246 lemae

383 2310 524 2360 summa
547 2285 748 2385 desperatio
771 2284 977 2376 baberetur,
996 2284 1043 2357 ab
1063 2284 1126 2357 illo
1141 2290 1300 2378 loanne,
1320 2288 1448 2359 illustri

383 2403 516 2476 comite
536 2402 715 2491 Duneusi,
742 2426 851 2499 quem
872 2402 1071 2475 naturalem
1094 2402 1200 2475 luisse
1217 2401 1329 2474 lilium
1345 2404 1448 2477 ducis

384 2517 670 2607 Aurelianensis,
700 2517 841 2591 Parisiis
866 2520 1061 2617 perempti,
1099 2542 1208 2617 supra
1241 2516 1445 2610 retulimus,

384 2632 639 2731 nonnullisque
653 2632 743 2726 aliis,
762 2634 824 2730 qui
840 2634 935 2705 circa
951 2638 1071 2731 'regem
1089 2648 1211 2726 erant,
1229 2632 1357 2707 datum
1373 2634 1448 2729 regi

384 2748 577 2823 consilium
603 2748 688 2843 luit,
719 2747 1028 2846 quemadmodum
1056 2751 1094 2822 in
1120 2747 1226 2821 rebus
1252 2746 1448 2847 desperatis

384 2864 578 2965 aliquando
601 2864 678 2957 lieri
697 2864 843 2955 assolet,
867 2867 967 2963 quod
994 2866 1126 2942 dictam
1150 2870 1329 2939 Joannam
1344 2864 1447 2938 Puel-

384 2988 457 3060 lam
480 2983 604 3056 'audire
624 2981 772 3055 deberet
794 2998 830 3056 et
852 3008 896 3056 ex
918 2983 977 3055 bis
996 3008 1076 3083 quae
1096 3008 1162 3084 per
1185 3006 1266 3057 eam
1289 2981 1446 3076 audiret,

384 3099 580 3200 prudenter
598 3098 880 3171 animadvertere
897 3112 1006 3197 atque
1024 3101 1212 3197 explorare
1232 3122 1279 3171 an
1295 3098 1449 3173 dicenda

386 3240 574 3316 peream,
602 3216 700 3287 velut
715 3214 874 3287 humana
901 3213 1092 3310 figmenta,
1126 3213 1369 3313 repudianda,
1394 3215 1450 3288 vel

386 3330 506 3429 potius
523 3330 651 3402 divinae
668 3328 816 3425 alicujus
835 3327 1095 3400 admonitionis
1117 3352 1181 3400 seu
1201 3328 1451 3428 preceptionis

387 3445 555 3520 babentia
577 3444 775 3535 rationem,
801 3442 983 3515 humiliter
1007 3442 1212 3541 recipienda
1235 3456 1271 3514 et
1291 3442 1450 3540 amplec-

388 3561 494 3635 tenda
507 3561 637 3633 locent.
658 3562 791 3631 Eorum
813 3572 933 3631 autem
955 3557 1106 3630 consilio
1130 3582 1191 3631 rex
1214 3557 1452 3654 instantiaque

388 3678 568 3769 devictus,
594 3675 701 3747 simul
724 3689 760 3746 et
783 3699 903 3748 rerum
932 3688 1020 3747 tunc
1046 3674 1273 3773 presentium
1296 3672 1453 3770 quadam

391 3794 485 3867 velut
495 3792 671 3865 adductus
687 3791 949 3890 desperatione,
962 3788 1269 3889 adquiescendum
1280 3787 1449 3875 decrevit,

389 3924 425 3983 ct
445 3914 623 3983 loannam
635 3906 793 3981 Puellam
809 3906 907 3979 adse
923 3907 1086 3980 accersiri
1104 3904 1198 3981 fecit.

440 4026 593 4098 Veniens
617 4025 724 4121 igitur
747 4024 793 4097 ad
818 4038 1056 4122 conspectum
1081 4022 1172 4118 regis
1197 4021 1274 4120 ipsa
1292 4024 1451 4110 Joanna,

392 4142 538 4213 remotis
550 4138 705 4233 arbitris,
724 4140 800 4213 sola
813 4164 897 4213 cum
913 4164 995 4236 rege
1008 4138 1101 4211 ultra
1113 4138 1266 4210 dnamm
1280 4134 1453 4207 horarum

392 4258 547 4357 spatium
569 4254 792 4354 colloquium
808 4254 947 4328 habuit.
977 4255 1071 4344 Qui,
1094 4252 1225 4327 auditis
1240 4276 1319 4350 quae
1338 4250 1458 4323 dicere

392 4372 519 4462 voluit,
543 4396 650 4469 super
671 4370 792 4443 multis
808 4370 854 4444 ad
871 4396 949 4443 rem
970 4368 1018 4442 de
1040 4393 1112 4467 qua
1134 4392 1218 4439 eum
1238 4364 1459 4441 admonebat

394 4485 626 4561 attinentibus
642 4490 750 4561 etiam
768 4487 1065 4585 interrogationes
1087 4501 1194 4583 atque
1211 4485 1463 4585 inquisitiones

396 4604 491 4679 lecit.
510 4602 619 4701 Cujus
638 4604 817 4701 responsis
839 4603 1015 4701 dictisque
1037 4600 1315 4696 animadversis,
1337 4600 1465 4699 signis·
