3892 5892
715 854 717 861 Α
820 872 1234 961 Ηιετοιωυκωου
1253 904 1306 961 vn

868 1238 1123 1309 CAPl'l'ULUM
1150 1240 1239 1308 Vlll.

529 1447 651 1501 Pretium
666 1445 694 1498 in
707 1444 806 1516 campis
818 1408 909 1496 Belcisi
925 1443 996 1496 inter
1013 1439 1128 1496 Francos
1140 1456 1167 1495 et
1178 1444 1292 1516 duplos,
1304 1462 1439 1499 annonam
1455 1444 1491 1500 ad
1508 1464 1588 1516 suos,

713 1531 861 1586 obsidentes
871 1531 1086 1587 Aurelianensem
1094 1531 1242 1596 civitatem,
1250 1529 1406 1587 deferentes.

578 1726 648 1799 Sed
665 1728 807 1820 Franci,
828 1725 972 1827 quibus,
991 1740 1031 1795 ut
1047 1720 1218 1816 diximus,
1235 1724 1310 1822 jam
1327 1720 1499 1799 inhibitus
1514 1742 1591 1799 erat

530 1842 576 1917 ad
603 1842 766 1914 obsessos
798 1842 998 1939 ingressus,
1027 1839 1232 1937 frequenter
1258 1855 1294 1913 et
1321 1864 1423 1939 paene
1448 1840 1590 1915 assidue

528 1960 749 2039 incursantes
762 1957 837 2029 vias
850 1972 887 2029 et
899 1957 1045 2047 itinera,
1063 1981 1128 2056 per
1143 1981 1223 2055 qnae
1238 1956 1498 2053 adbnglorum
1515 1983 1592 2031 cas·

530 2090 583 2147 tra
599 2100 643 2147 ex
658 2075 740 2147 satis
757 2073 972 2146 distantibus
990 2072 1078 2145 locis
1099 2089 1134 2146 et
1160 2073 1373 2179 plerumque
1391 2100 1433 2147 ex
1450 2077 1592 2149 Parisiis

529 2216 675 2265 annona
689 2189 898 2285 vehebatur,
918 2192 1015 2290 ipsos
1032 2192 1140 2265 etiam
1159 2190 1291 2290 lnglos
1303 2192 1411 2266 rebus
1427 2218 1590 2268 necessa·

529 2300 711 2406 riisegere
736 2322 772 2383 et
795 2304 984 2407 penuriam
1008 2307 1082 2408 pati
1105 2307 1287 2380 interdum
1310 2308 1587 2408 compellebant.

529 2429 611 2514 Quo
640 2425 771 2498 sactum
798 2438 851 2499 est
871 2438 1002 2497 utnon
1027 2422 1074 2496 ad
1098 2448 1160 2496 eos
1182 2423 1349 2499 victualia
1365 2427 1442 2499 sine
1458 2451 1589 2523 magno

529 2559 750 2617 armatorum
767 2542 951 2616 conductu
968 2541 1119 2640 perduci
1137 2558 1293 2641 possent.
1319 2548 1408 2633 Quae
1431 2569 1489 2616 res
1504 2570 1590 2616 cum

530 2662 664 2758 Anglos
692 2660 855 2732 molestia
882 2658 1034 2730 multum
1060 2672 1097 2729 et
1122 2658 1263 2731 damnis
1284 2685 1376 2758 saepe
1392 2661 1586 2752 affecisset,

529 2791 727 2849 statuerunt
742 2789 869 2848 contra
881 2773 1129 2869 hujuscemodi
1151 2775 1383 2849 incommoda
1396 2772 1590 2878 proiiden-

530 2892 616 2963 tiam
633 2914 826 2989 apponere.
842 2887 1103 2962 Contrahentes
1116 2889 1222 2987 igitur
1234 2891 1395 2990 undique
1407 2894 1528 2993 copias
1542 2893 1590 2967 ad

529 3005 804 3082 conducendam
819 3028 1003 3077 annonam
1020 3004 1065 3076 ad
1081 3019 1197 3078 castra
1212 3032 1277 3079 sua
1296 3009 1512 3098 Aurelianis,
1528 3010 1589 3082 ad·

531 3124 663 3195 vocatis
680 3123 788 3197 etiam
804 3136 912 3219 atque
937 3122 1058 3194 accitis
1078 3121 1259 3195 nobilibus
1275 3126 1523 3221 Normanniae,
1543 3127 1588 3199 de

530 3226 669 3310 Parisiis
686 3262 750 3336 per
764 3236 934 3329 Beleiam,
953 3261 1037 3309 cum
1054 3237 1189 3335 ingenti
1205 3262 1427 3313 curruumac
1443 3241 1589 3314 vehicu-

528 3354 648 3427 lorum
683 3378 861 3444 numero,
889 3354 924 3425 in
953 3352 1084 3451 quibus
1109 3354 1264 3454 plurima
1293 3355 1460 3429 halecum
1490 3357 1587 3431 dolia

528 3496 612 3544 curn
636 3470 770 3543 caeteris
795 3469 902 3543 rebus
930 3469 1098 3557 exercitui
1121 3472 1328 3543 necessariis
1347 3471 1585 3565 vehebantur,

529 3586 790 3682 pertransibant
800 3600 907 3683 atque
920 3586 986 3658 iter
997 3584 1185 3659 iaciebant.
1200 3591 1283 3661 Erat
1294 3590 1391 3661 enim
1401 3590 1492 3663 sacri
1503 3615 1589 3690 qua·

529 3701 769 3800 dragesimalis
791 3701 917 3799 jejunii
933 3714 1086 3798 tempus,

577 3817 686 3905 Quod
702 3842 785 3888 cum
801 3840 866 3914 per
881 3816 1103 3916 transfugas,
1126 3842 1188 3890 seu
1206 3819 1282 3891 aliis
1305 3818 1442 3912 modis,
1462 3825 1587 3896 Franci

528 3934 747 4022 didicissent,
759 3932 970 4003 aestimantes
981 3930 1051 4003 boc
1061 3958 1135 4007 uno
1145 3934 1303 4011 remedio
1313 3940 1471 4011 succurri
1483 3964 1588 4040 posse

528 4050 697 4143 obsessis,
724 4050 753 4122 si
780 4047 987 4121 obsidentes
1015 4048 1061 4121 ad
1091 4049 1452 4151 famemadigerent,
1478 4070 1514 4129 et
1536 4056 1587 4129 eis

528 4166 636 4238 etiam
662 4164 803 4267 copiam
830 4158 982 4235 annonae
1011 4163 1266 4263 prohiberent,
1298 4169 1448 4243 collecta
1475 4196 1586 4245 manu

529 4281 682 4353 militurn
707 4302 921 4371 numerosa,
945 4292 982 4350 et
1005 4304 1083 4378 quae
1104 4278 1150 4352 ad
1175 4280 1322 4380 triplum
1346 4286 1401 4378 yel
1426 4288 1587 4384 quadru-

528 4395 630 4494 plum
658 4396 850 4492 lnglorum
877 4396 1071 4467 exercitum
1096 4395 1266 4471 excedere
1288 4399 1482 4496 serebatur,
1501 4430 1585 4478 curn

416 4568 424 4582 .
528 4511 663 4584 eisdem
689 4513 805 4611 Anglis
829 4526 864 4583 et
890 4511 1105 4585 Normannis
1131 4512 1167 4584 in
1193 4517 1329 4614 campis
1352 4518 1475 4591 Belciae
1495 4544 1585 4592 con·

529 4626 628 4725 gredi
644 4640 853 4699 statuerunt.
875 4626 1041 4699 Videntes
1051 4652 1137 4701 vero
1150 4629 1253 4727 Angli
1268 4632 1304 4704 in
1317 4634 1451 4733 campis
1463 4649 1588 4733 paten-
