3892 5892
731 940 840 1007 rnna
862 946 1059 1041 omarus.⁸
1351 950 1408 1005 rar

359 1089 479 1143 versos
498 1067 658 1144 subditos
678 1093 720 1143 ac
743 1067 949 1162 loederatos,
981 1069 1017 1141 in
1042 1067 1172 1166 quibus
1197 1068 1411 1143 nominatim

359 1200 435 1257 erat
450 1184 521 1257 dur
538 1185 612 1284 ipse
630 1186 815 1257 Britanniae
829 1210 871 1261 ex
889 1200 1038 1283 utraque
1053 1209 1177 1283 regum
1193 1201 1294 1283 parte
1310 1211 1410 1260 com-

357 1299 588 1398 prehensus),
606 1300 806 1372 adventavit
837 1314 947 1404 noctu
973 1324 1015 1371 ex
1037 1298 1168 1371 finibus
1186 1302 1412 1375 Normanniae

355 1414 400 1489 ad
420 1414 626 1511 hujusmodi
638 1415 826 1516 oppidum,
841 1431 876 1487 et
892 1439 954 1512 per
971 1440 1055 1487 suos
1072 1414 1300 1489 inscalatores
1317 1416 1411 1491 olam

353 1545 389 1604 et
405 1530 541 1615 furtim,
563 1530 701 1603 civibus
716 1555 845 1603 somno
868 1532 1009 1629 sopitis,
1032 1556 1152 1604 arcem
1177 1546 1284 1631 atque
1306 1528 1409 1632 oppi-

354 1644 443 1718 dum
453 1646 570 1745 ipsum
583 1646 742 1719 introivit
755 1660 791 1718 et
807 1648 1007 1745 occupavit.
1026 1646 1135 1735 Quod
1151 1673 1235 1721 cum
1249 1646 1410 1720 animad-

360 1763 541 1866 vertissent
568 1764 638 1838 loci
664 1764 776 1857 cives,
806 1763 925 1864 pavidi
960 1778 995 1836 et
1026 1780 1147 1839 mente
1175 1764 1409 1857 consternati,

353 1878 522 1951 domibus
550 1879 752 1980 opibusque
772 1877 920 1968 relictis,
943 1894 1069 1978 praeter
1092 1880 1130 1952 id
1155 1880 1254 1979 quod
1280 1904 1411 1979 prope-

353 2010 472 2068 ranter
488 2020 614 2093 rapere
630 2019 822 2091 secumque
837 1993 975 2067 deferre
991 1994 1201 2087 valuerunt,
1216 1994 1334 2095 plures
1347 2020 1412 2094 per

355 2112 486 2184 moenia
502 2110 646 2210 dilapsi,
666 2110 894 2207 aufugerunt,
918 2110 1008 2203 aliis,
1028 2110 1159 2211 quibus
1173 2110 1229 2183 vel
1246 2112 1339 2183 vires
1356 2110 1413 2183 rel

353 2230 495 2300 animus
511 2228 681 2320 deerant,
702 2228 738 2298 in
755 2228 964 2326 praedonum
982 2244 1195 2327 potestatem
1219 2228 1355 2302 traditis
1378 2242 1414 2301 et

356 2341 497 2414 relictis.
517 2344 627 2439 Igitur
653 2341 899 2439 hujuscemodi
925 2343 1119 2443 oppidum,
1152 2357 1237 2415 tunc
1260 2343 1412 2441 opulen-

356 2474 432 2531 tum
448 2475 484 2533 et
499 2460 635 2557 magnis
650 2458 781 2531 divitiis
795 2458 979 2545 refertum,
1000 2484 1044 2529 eo
1063 2456 1172 2529 modo
1189 2472 1351 2557 captum,
1367 2456 1415 2529 ab

358 2576 510 2672 Anglicis
534 2576 712 2675 direptum
735 2585 788 2646 est
813 2589 921 2671 atque
941 2574 1082 2674 penitus
1099 2574 1135 2645 in
1154 2573 1313 2673 praedam
1331 2598 1415 2645 ver-

357 2717 457 2783 sum,
479 2705 643 2764 currente
659 2714 756 2763 anno
773 2691 918 2762 Domini
934 2692 1192 2768 necocmvrnl

696 2999 952 3089 carnnnnn
977 2997 1066 3067 xrn.

408 3197 552 3266 Quomodo
565 3197 654 3269 captio
666 3196 730 3250 dicti
741 3194 836 3268 oppidi
848 3196 1011 3247 franeorum
1023 3194 1077 3264 regi
1090 3206 1115 3247 et
1128 3195 1181 3247 ruis
1193 3194 1361 3251 vehementer

592 3284 727 3358 displicuit
737 3324 746 3350 ,
758 3297 783 3337 et
793 3283 827 3337 de
838 3283 959 3355 raptione
969 3282 1181 3336 Pontis-Archa.

406 3473 494 3557 Qnae
518 3464 636 3563 captio
662 3476 697 3535 et
719 3460 850 3561 praeda,
875 3459 956 3533 licet
979 3460 1080 3533 initio
1098 3485 1174 3531 non
1192 3484 1339 3559 parvam
1364 3460 1414 3531 eis

357 3585 531 3659 attulisset
554 3578 744 3677 ¹utilitatem
766 3593 872 3675 atque
894 3575 1192 3674 jucunditatem,
1221 3576 1412 3649 infaustum

358 3718 476 3773 tamen
489 3712 595 3795 atque
610 3693 786 3766 infelicem
800 3693 993 3786 exitumeis
1005 3693 1222 3792 importavit,
1239 3690 1414 3791 quemad·

356 3820 506 3893 modum
532 3818 568 3887 in
593 3811 824 3913 sequentibus
849 3810 1046 3912 apparebit.
1081 3814 1226 3883 Moestus
1252 3806 1414 3909 prolecto

356 3963 421 4037 pro
442 3924 650 4031 hujusmodi
670 3929 963 4027 impraemeditato
980 3942 1086 4026 atque
1106 3928 1285 4027 insperato
1302 3924 1415 3996 intor-

357 4053 458 4125 tunio
475 4053 540 4123 snit
556 4048 743 4121 Britannia
756 4048 844 4141 dux,
868 4061 904 4119 et
920 4046 1067 4131 Carolus
1087 4071 1147 4117 rex
1164 4059 1271 4143 atque
1288 4068 1415 4115 omnes

358 4170 499 4257 Franci,
518 4169 581 4267 qui
601 4166 672 4239 hoc
689 4190 765 4238 non
781 4166 881 4238 aliter
898 4190 1007 4261 quarn
1027 4164 1082 4238 sui
1099 4188 1205 4235 causa
1229 4164 1266 4236 in
1289 4162 1415 4257 suique

397 4403 427 4458 l.
447 4399 487 4455 Le
503 4397 542 4452 Ἡ
558 4415 634 4455 mars
653 4399 749 4461 1448.
764 4415 793 4453 v.
810 4406 864 4467 st,
881 4392 1069 4453 dest-Mire
1085 4396 1173 4450 ttt9.

397 4488 427 4545 2.
453 4513 467 4537 ι
480 4484 618 4543 Nonnulli
630 4482 705 4541 hanc
721 4482 847 4561 pradum
861 4482 931 4540 tanti
947 4482 1053 4541 valoris
1067 4482 1151 4539 luisse
1165 4492 1306 4544 asserunt,
1317 4490 1416 4556 erepta

361 4574 493 4655 Fulguris
516 4572 609 4651 spolia
629 4570 731 4651 viginti
750 4584 866 4630 centum
888 4569 993 4643 millia,
1013 4588 1082 4627 vera
1104 4568 1310 4641 aestimmione,
1333 4584 1417 4645 posse

358 4664 525 4749 appretiari.
544 4688 557 4715 ι
581 4658 689 4719 Robert
706 4658 843 4729 Blondel,
865 4663 989 4719 Assertio
1001 4662 1196 4735 Nomranm'ae,
1211 4655 1262 4717 lib.
1273 4662 1302 4731 1,
1317 4680 1343 4715 c.
1357 4678 1377 4717 ι.
