<?xml version="1.0" encoding="UTF-8"?>
<!DOCTYPE html PUBLIC "-//W3C//DTD XHTML 1.0 Transitional//EN"
    "http://www.w3.org/TR/xhtml1/DTD/xhtml1-transitional.dtd">
<html xmlns="http://www.w3.org/1999/xhtml" xml:lang="en" lang="en">
 <head>
  <title>
</title>
<meta http-equiv="Content-Type" content="text/html;charset=utf-8" />
  <meta name='ocr-system' content='tesseract 3.04.00' />
  <meta name='ocr-capabilities' content='ocr_page ocr_carea ocr_par ocr_line ocrx_word'/>
</head>
<body>
  <div class='ocr_page' id='page_1' title='image "./histoiredesrgne01amelgoog_0452.png"; bbox 0 0 3892 5892; ppageno 0'>
   <div class='ocr_carea' id='block_1_1' title="bbox 742 933 1422 1007">
    <p class='ocr_par' dir='ltr' id='par_1_1' title="bbox 742 933 1422 1007">
     <span class='ocr_line' id='line_1_1' title="bbox 742 933 1422 1007; baseline -0.006 -14"><span class='ocrx_word' id='word_1_1' title='bbox 742 935 852 994; x_wconf 75' lang='lat' dir='ltr'><strong>mett</strong></span> <span class='ocrx_word' id='word_1_2' title='bbox 871 935 1042 1007; x_wconf 78' lang='lat' dir='ltr'><strong>QUINTUS.</strong></span> <span class='ocrx_word' id='word_1_3' title='bbox 1364 933 1422 990; x_wconf 81' lang='lat' dir='ltr'><strong>atr</strong></span> 
     </span>
    </p>
   </div>
   <div class='ocr_carea' id='block_1_2' title="bbox 688 1267 1107 1358">
    <p class='ocr_par' dir='ltr' id='par_1_2' title="bbox 688 1267 1107 1358">
     <span class='ocr_line' id='line_1_2' title="bbox 688 1267 1107 1358; baseline 0.01 -16"><span class='ocrx_word' id='word_1_4' title='bbox 688 1267 834 1347; x_wconf 79' lang='lat' dir='ltr'><strong>utuuu</strong></span> <span class='ocrx_word' id='word_1_5' title='bbox 874 1268 1107 1358; x_wconf 79' lang='lat' dir='ltr'><strong>QUINTUS.</strong></span> 
     </span>
    </p>
   </div>
   <div class='ocr_carea' id='block_1_3' title="bbox 660 1655 1129 1732">
    <p class='ocr_par' dir='ltr' id='par_1_3' title="bbox 660 1655 1129 1732">
     <span class='ocr_line' id='line_1_3' title="bbox 660 1655 1129 1732; baseline 0.004 -3"><span class='ocrx_word' id='word_1_6' title='bbox 660 1655 915 1730; x_wconf 77' lang='lat' dir='ltr'><strong>catttutuu</strong></span> <span class='ocrx_word' id='word_1_7' title='bbox 942 1661 1129 1732; x_wconf 79' lang='lat' dir='ltr'><strong>PRIMUM.</strong></span> 
     </span>
    </p>
   </div>
   <div class='ocr_carea' id='block_1_4' title="bbox 362 1835 1522 3670">
    <p class='ocr_par' dir='ltr' id='par_1_4' title="bbox 386 1835 1408 2000">
     <span class='ocr_line' id='line_1_4' title="bbox 386 1835 1408 1916; baseline 0 -24"><span class='ocrx_word' id='word_1_8' title='bbox 386 1835 1408 1916; x_wconf 67' lang='lat' dir='ltr'><strong>ueprtmupedirionetquitmie.eqnntirerexroutqutuninteputri</strong></span> 
     </span>
     <span class='ocr_line' id='line_1_5' title="bbox 797 1925 989 2000; baseline 0.005 -19"><span class='ocrx_word' id='word_1_9' title='bbox 797 1939 859 1981; x_wconf 79' lang='lat' dir='ltr'><strong>tunt</strong></span> <span class='ocrx_word' id='word_1_10' title='bbox 873 1925 989 2000; x_wconf 66' lang='lat' dir='ltr'><strong>Anglici.</strong></span> 
     </span>
    </p>

    <p class='ocr_par' dir='ltr' id='par_1_5' title="bbox 362 2081 1522 3670">
     <span class='ocr_line' id='line_1_6' title="bbox 414 2081 1422 2183; baseline 0 -29"><span class='ocrx_word' id='word_1_11' title='bbox 414 2087 674 2156; x_wconf 76' lang='lat' dir='ltr'><strong>consummata</strong></span> <span class='ocrx_word' id='word_1_12' title='bbox 702 2084 973 2183; x_wconf 76' lang='lat' dir='ltr'><strong>recuperatione</strong></span> <span class='ocrx_word' id='word_1_13' title='bbox 997 2083 1244 2171; x_wconf 79' lang='lat' dir='ltr'><strong>Normannire,</strong></span> <span class='ocrx_word' id='word_1_14' title='bbox 1264 2081 1311 2156; x_wconf 93' lang='lat' dir='ltr'><strong>de</strong></span> <span class='ocrx_word' id='word_1_15' title='bbox 1333 2105 1422 2180; x_wconf 85' lang='lat' dir='ltr'><strong>qua,</strong></span> 
     </span>
     <span class='ocr_line' id='line_1_7' title="bbox 365 2187 1522 2298; baseline 0.001 -27"><span class='ocrx_word' id='word_1_16' title='bbox 365 2197 674 2297; x_wconf 77' lang='lat' dir='ltr'><strong>quemadmodum</strong></span> <span class='ocrx_word' id='word_1_17' title='bbox 695 2197 787 2270; x_wconf 91' lang='lat' dir='ltr'><strong>libro</strong></span> <span class='ocrx_word' id='word_1_18' title='bbox 804 2199 987 2298; x_wconf 71' lang='lat' dir='ltr'><strong>superiore</strong></span> <span class='ocrx_word' id='word_1_19' title='bbox 1007 2197 1157 2270; x_wconf 86' lang='lat' dir='ltr'><strong>relatum</strong></span> <span class='ocrx_word' id='word_1_20' title='bbox 1180 2209 1233 2269; x_wconf 83' lang='lat' dir='ltr'><strong>eet</strong></span> <span class='ocrx_word' id='word_1_21' title='bbox 1254 2221 1276 2270; x_wconf 88' lang='lat' dir='ltr'><strong>a</strong></span> <span class='ocrx_word' id='word_1_22' title='bbox 1300 2197 1422 2288; x_wconf 80' lang='lat' dir='ltr'><strong>nobit,</strong></span> <span class='ocrx_word' id='word_1_23' title='bbox 1507 2187 1522 2212; x_wconf 79' lang='lat'><em>&#39;</em></span> 
     </span>
     <span class='ocr_line' id='line_1_8' title="bbox 370 2310 1424 2412; baseline -0.001 -27"><span class='ocrx_word' id='word_1_24' title='bbox 370 2313 501 2409; x_wconf 75' lang='lat' dir='ltr'><strong>Anglici</strong></span> <span class='ocrx_word' id='word_1_25' title='bbox 515 2313 608 2412; x_wconf 80' lang='lat' dir='ltr'><strong>pulei</strong></span> <span class='ocrx_word' id='word_1_26' title='bbox 620 2314 793 2412; x_wconf 88' lang='lat' dir='ltr'><strong>ejectique</strong></span> <span class='ocrx_word' id='word_1_27' title='bbox 806 2313 920 2402; x_wconf 81' lang='lat' dir='ltr'><strong>luere,</strong></span> <span class='ocrx_word' id='word_1_28' title='bbox 939 2325 1057 2385; x_wconf 84' lang='lat' dir='ltr'><strong>tantus</strong></span> <span class='ocrx_word' id='word_1_29' title='bbox 1072 2310 1266 2407; x_wconf 76' lang='lat' dir='ltr'><strong>Anglorum</strong></span> <span class='ocrx_word' id='word_1_30' title='bbox 1283 2325 1424 2406; x_wconf 85' lang='lat' dir='ltr'><strong>gentem</strong></span> 
     </span>
     <span class='ocr_line' id='line_1_9' title="bbox 367 2424 1424 2524; baseline -0.005 -25"><span class='ocrx_word' id='word_1_31' title='bbox 367 2449 552 2499; x_wconf 88' lang='lat' dir='ltr'><strong>armorum</strong></span> <span class='ocrx_word' id='word_1_32' title='bbox 574 2428 803 2524; x_wconf 80' lang='lat' dir='ltr'><strong>nominisque</strong></span> <span class='ocrx_word' id='word_1_33' title='bbox 823 2426 948 2498; x_wconf 75' lang='lat' dir='ltr'><strong>Gallici</strong></span> <span class='ocrx_word' id='word_1_34' title='bbox 972 2438 1089 2496; x_wconf 88' lang='lat' dir='ltr'><strong>terror</strong></span> <span class='ocrx_word' id='word_1_35' title='bbox 1109 2424 1253 2512; x_wconf 82' lang='lat' dir='ltr'><strong>invertit,</strong></span> <span class='ocrx_word' id='word_1_36' title='bbox 1279 2437 1318 2495; x_wconf 90' lang='lat' dir='ltr'><strong>ut</strong></span> <span class='ocrx_word' id='word_1_37' title='bbox 1340 2447 1424 2522; x_wconf 89' lang='lat' dir='ltr'><strong>pro·</strong></span> 
     </span>
     <span class='ocr_line' id='line_1_10' title="bbox 367 2537 1425 2642; baseline -0.002 -32"><span class='ocrx_word' id='word_1_38' title='bbox 367 2539 480 2634; x_wconf 83' lang='lat' dir='ltr'><strong>fecto,</strong></span> <span class='ocrx_word' id='word_1_39' title='bbox 495 2541 583 2616; x_wconf 81' lang='lat' dir='ltr'><strong>eiad</strong></span> <span class='ocrx_word' id='word_1_40' title='bbox 590 2540 874 2642; x_wconf 75' lang='lat' dir='ltr'><strong>expugnandum</strong></span> <span class='ocrx_word' id='word_1_41' title='bbox 887 2539 1064 2639; x_wconf 86' lang='lat' dir='ltr'><strong>oppidum</strong></span> <span class='ocrx_word' id='word_1_42' title='bbox 1077 2537 1203 2611; x_wconf 79' lang='lat' dir='ltr'><strong>Caleeii</strong></span> <span class='ocrx_word' id='word_1_43' title='bbox 1216 2537 1294 2610; x_wconf 81' lang='lat' dir='ltr'><strong>eine</strong></span> <span class='ocrx_word' id='word_1_44' title='bbox 1309 2559 1425 2610; x_wconf 89' lang='lat' dir='ltr'><strong>remo·</strong></span> 
     </span>
     <span class='ocr_line' id='line_1_11' title="bbox 366 2650 1424 2746; baseline -0.005 -18"><span class='ocrx_word' id='word_1_45' title='bbox 366 2655 507 2728; x_wconf 89' lang='lat' dir='ltr'><strong>ratione</strong></span> <span class='ocrx_word' id='word_1_46' title='bbox 528 2679 571 2728; x_wconf 90' lang='lat' dir='ltr'><strong>ac</strong></span> <span class='ocrx_word' id='word_1_47' title='bbox 594 2655 765 2728; x_wconf 81' lang='lat' dir='ltr'><strong>dilatione</strong></span> <span class='ocrx_word' id='word_1_48' title='bbox 787 2661 1006 2728; x_wconf 77' lang='lat' dir='ltr'><strong>Francorum</strong></span> <span class='ocrx_word' id='word_1_49' title='bbox 1027 2677 1108 2746; x_wconf 83' lang='lat' dir='ltr'><strong>rex,</strong></span> <span class='ocrx_word' id='word_1_50' title='bbox 1134 2675 1208 2724; x_wconf 92' lang='lat' dir='ltr'><strong>non</strong></span> <span class='ocrx_word' id='word_1_51' title='bbox 1231 2650 1424 2724; x_wconf 70' lang='lat' dir='ltr'><strong>obsistente</strong></span> 
     </span>
     <span class='ocr_line' id='line_1_12' title="bbox 368 2764 1425 2868; baseline -0.006 -26"><span class='ocrx_word' id='word_1_52' title='bbox 368 2769 664 2866; x_wconf 77' lang='lat' dir='ltr'><strong>Burgundionum</strong></span> <span class='ocrx_word' id='word_1_53' title='bbox 678 2769 792 2859; x_wconf 88' lang='lat' dir='ltr'><strong>duce,</strong></span> <span class='ocrx_word' id='word_1_54' title='bbox 806 2793 890 2842; x_wconf 80' lang='lat' dir='ltr'><strong>auae</strong></span> <span class='ocrx_word' id='word_1_55' title='bbox 902 2768 1025 2868; x_wconf 81' lang='lat' dir='ltr'><strong>copias</strong></span> <span class='ocrx_word' id='word_1_56' title='bbox 1040 2766 1256 2840; x_wconf 78' lang='lat' dir='ltr'><strong>admovisset</strong></span> <span class='ocrx_word' id='word_1_57' title='bbox 1268 2817 1278 2855; x_wconf 90' lang='lat'><strong><em>‚</em></strong></span> <span class='ocrx_word' id='word_1_58' title='bbox 1290 2764 1425 2864; x_wconf 77' lang='lat' dir='ltr'><strong>absque</strong></span> 
     </span>
     <span class='ocr_line' id='line_1_13' title="bbox 366 2881 1425 2984; baseline -0.008 -25"><span class='ocrx_word' id='word_1_59' title='bbox 366 2909 498 2984; x_wconf 73' lang='lat' dir='ltr'><strong>magno</strong></span> <span class='ocrx_word' id='word_1_60' title='bbox 526 2899 563 2960; x_wconf 88' lang='lat' dir='ltr'><strong>et</strong></span> <span class='ocrx_word' id='word_1_61' title='bbox 591 2883 727 2958; x_wconf 85' lang='lat' dir='ltr'><strong>difficili</strong></span> <span class='ocrx_word' id='word_1_62' title='bbox 749 2886 895 2982; x_wconf 79' lang='lat' dir='ltr'><strong>negotio</strong></span> <span class='ocrx_word' id='word_1_63' title='bbox 922 2883 958 2956; x_wconf 89' lang='lat' dir='ltr'><strong>id</strong></span> <span class='ocrx_word' id='word_1_64' title='bbox 984 2899 1061 2956; x_wconf 90' lang='lat' dir='ltr'><strong>tum</strong></span> <span class='ocrx_word' id='word_1_65' title='bbox 1086 2881 1231 2954; x_wconf 77' lang='lat' dir='ltr'><strong>feliciter</strong></span> <span class='ocrx_word' id='word_1_66' title='bbox 1255 2881 1425 2978; x_wconf 80' lang='lat' dir='ltr'><strong>perficere</strong></span> 
     </span>
     <span class='ocr_line' id='line_1_14' title="bbox 366 2995 1424 3098; baseline -0.006 -26"><span class='ocrx_word' id='word_1_67' title='bbox 366 3001 552 3098; x_wconf 74' lang='lat' dir='ltr'><strong>potuisset.</strong></span> <span class='ocrx_word' id='word_1_68' title='bbox 579 2999 808 3072; x_wconf 76' lang='lat' dir='ltr'><strong>Adauxerant</strong></span> <span class='ocrx_word' id='word_1_69' title='bbox 837 2999 936 3074; x_wconf 86' lang='lat' dir='ltr'><strong>hunc</strong></span> <span class='ocrx_word' id='word_1_70' title='bbox 969 3012 1106 3070; x_wconf 87' lang='lat' dir='ltr'><strong>metum</strong></span> <span class='ocrx_word' id='word_1_71' title='bbox 1135 3019 1211 3068; x_wconf 90' lang='lat' dir='ltr'><strong>nou</strong></span> <span class='ocrx_word' id='word_1_72' title='bbox 1241 2995 1424 3092; x_wconf 82' lang='lat' dir='ltr'><strong>modicum</strong></span> 
     </span>
     <span class='ocr_line' id='line_1_15' title="bbox 364 3109 1424 3214; baseline -0.004 -26"><span class='ocrx_word' id='word_1_73' title='bbox 364 3117 475 3188; x_wconf 81' lang='lat' dir='ltr'><strong>ducet</strong></span> <span class='ocrx_word' id='word_1_74' title='bbox 490 3139 533 3188; x_wconf 90' lang='lat' dir='ltr'><strong>ac</strong></span> <span class='ocrx_word' id='word_1_75' title='bbox 548 3115 678 3188; x_wconf 79' lang='lat' dir='ltr'><strong>militet</strong></span> <span class='ocrx_word' id='word_1_76' title='bbox 689 3117 906 3189; x_wconf 87' lang='lat' dir='ltr'><strong>Normannia</strong></span> <span class='ocrx_word' id='word_1_77' title='bbox 923 3114 1037 3214; x_wconf 84' lang='lat' dir='ltr'><strong>pulsi,</strong></span> <span class='ocrx_word' id='word_1_78' title='bbox 1056 3115 1119 3209; x_wconf 92' lang='lat' dir='ltr'><strong>qui</strong></span> <span class='ocrx_word' id='word_1_79' title='bbox 1137 3125 1210 3186; x_wconf 87' lang='lat' dir='ltr'><strong>tam</strong></span> <span class='ocrx_word' id='word_1_80' title='bbox 1226 3111 1273 3183; x_wconf 87' lang='lat' dir='ltr'><strong>ad</strong></span> <span class='ocrx_word' id='word_1_81' title='bbox 1289 3109 1424 3184; x_wconf 89' lang='lat' dir='ltr'><strong>dietum</strong></span> 
     </span>
     <span class='ocr_line' id='line_1_16' title="bbox 365 3225 1424 3328; baseline -0.005 -26"><span class='ocrx_word' id='word_1_82' title='bbox 365 3229 492 3302; x_wconf 82' lang='lat' dir='ltr'><strong>Caleeii</strong></span> <span class='ocrx_word' id='word_1_83' title='bbox 515 3229 709 3328; x_wconf 85' lang='lat' dir='ltr'><strong>oppidum,</strong></span> <span class='ocrx_word' id='word_1_84' title='bbox 733 3253 842 3323; x_wconf 78' lang='lat' dir='ltr'><strong>quum</strong></span> <span class='ocrx_word' id='word_1_85' title='bbox 866 3229 904 3300; x_wconf 89' lang='lat' dir='ltr'><strong>in</strong></span> <span class='ocrx_word' id='word_1_86' title='bbox 929 3227 1108 3324; x_wconf 72' lang='lat' dir='ltr'><strong>Angliarn,</strong></span> <span class='ocrx_word' id='word_1_87' title='bbox 1134 3227 1216 3298; x_wconf 84' lang='lat' dir='ltr'><strong>victi</strong></span> <span class='ocrx_word' id='word_1_88' title='bbox 1237 3225 1424 3322; x_wconf 72' lang='lat' dir='ltr'><strong>tristesque</strong></span> 
     </span>
     <span class='ocr_line' id='line_1_17' title="bbox 364 3338 1425 3441; baseline -0.004 -27"><span class='ocrx_word' id='word_1_89' title='bbox 364 3346 620 3441; x_wconf 76' lang='lat' dir='ltr'><strong>migraverant3</strong></span> <span class='ocrx_word' id='word_1_90' title='bbox 634 3343 711 3440; x_wconf 88' lang='lat' dir='ltr'><strong>qui,</strong></span> <span class='ocrx_word' id='word_1_91' title='bbox 728 3356 767 3413; x_wconf 91' lang='lat' dir='ltr'><strong>ut</strong></span> <span class='ocrx_word' id='word_1_92' title='bbox 777 3342 885 3414; x_wconf 88' lang='lat' dir='ltr'><strong>etiarn</strong></span> <span class='ocrx_word' id='word_1_93' title='bbox 900 3339 1135 3437; x_wconf 74' lang='lat' dir='ltr'><strong>ignominiam</strong></span> <span class='ocrx_word' id='word_1_94' title='bbox 1149 3363 1249 3411; x_wconf 84' lang='lat' dir='ltr'><strong>suam</strong></span> <span class='ocrx_word' id='word_1_95' title='bbox 1266 3338 1425 3410; x_wconf 74' lang='lat' dir='ltr'><strong>honestae</strong></span> 
     </span>
     <span class='ocr_line' id='line_1_18' title="bbox 362 3451 1424 3550; baseline -0.008 -19"><span class='ocrx_word' id='word_1_96' title='bbox 362 3457 578 3531; x_wconf 73' lang='lat' dir='ltr'><strong>causationis</strong></span> <span class='ocrx_word' id='word_1_97' title='bbox 608 3458 808 3530; x_wconf 86' lang='lat' dir='ltr'><strong>velamento</strong></span> <span class='ocrx_word' id='word_1_98' title='bbox 835 3454 1063 3550; x_wconf 79' lang='lat' dir='ltr'><strong>obtegerent,</strong></span> <span class='ocrx_word' id='word_1_99' title='bbox 1098 3476 1174 3525; x_wconf 91' lang='lat' dir='ltr'><strong>nou</strong></span> <span class='ocrx_word' id='word_1_100' title='bbox 1209 3451 1319 3524; x_wconf 89' lang='lat' dir='ltr'><strong>modo</strong></span> <span class='ocrx_word' id='word_1_101' title='bbox 1344 3475 1424 3548; x_wconf 80' lang='lat' dir='ltr'><strong>quae</strong></span> 
     </span>
     <span class='ocr_line' id='line_1_19' title="bbox 362 3567 1424 3670; baseline -0.006 -26"><span class='ocrx_word' id='word_1_102' title='bbox 362 3587 465 3645; x_wconf 87' lang='lat' dir='ltr'><strong>erant</strong></span> <span class='ocrx_word' id='word_1_103' title='bbox 500 3571 593 3670; x_wconf 74' lang='lat' dir='ltr'><strong>regia</strong></span> <span class='ocrx_word' id='word_1_104' title='bbox 627 3575 846 3642; x_wconf 77' lang='lat' dir='ltr'><strong>Francorum</strong></span> <span class='ocrx_word' id='word_1_105' title='bbox 880 3569 1009 3664; x_wconf 84' lang='lat' dir='ltr'><strong>auique</strong></span> <span class='ocrx_word' id='word_1_106' title='bbox 1045 3569 1218 3640; x_wconf 75' lang='lat' dir='ltr'><strong>exercitus</strong></span> <span class='ocrx_word' id='word_1_107' title='bbox 1256 3567 1347 3638; x_wconf 82' lang='lat' dir='ltr'><strong>vires</strong></span> <span class='ocrx_word' id='word_1_108' title='bbox 1380 3589 1424 3638; x_wconf 90' lang='lat' dir='ltr'><strong>ac</strong></span> 
     </span>
    </p>
   </div>
   <div class='ocr_carea' id='block_1_5' title="bbox 343 3679 1564 3784">
    <p class='ocr_par' dir='ltr' id='par_1_6' title="bbox 343 3679 1564 3784">
     <span class='ocr_line' id='line_1_20' title="bbox 343 3679 1564 3784; baseline -0.005 -28"><span class='ocrx_word' id='word_1_109' title='bbox 343 3685 555 3775; x_wconf 71' lang='lat' dir='ltr'><strong>tortitudo,</strong></span> <span class='ocrx_word' id='word_1_110' title='bbox 576 3709 657 3782; x_wconf 83' lang='lat' dir='ltr'><strong>quae</strong></span> <span class='ocrx_word' id='word_1_111' title='bbox 670 3683 842 3784; x_wconf 79' lang='lat' dir='ltr'><strong>rapientia</strong></span> <span class='ocrx_word' id='word_1_112' title='bbox 863 3699 900 3757; x_wconf 88' lang='lat' dir='ltr'><strong>et</strong></span> <span class='ocrx_word' id='word_1_113' title='bbox 924 3682 1168 3781; x_wconf 82' lang='lat' dir='ltr'><strong>providentie,</strong></span> <span class='ocrx_word' id='word_1_114' title='bbox 1193 3679 1365 3758; x_wconf 75' lang='lat' dir='ltr'><strong>industria</strong></span> <span class='ocrx_word' id='word_1_115' title='bbox 1388 3694 1422 3751; x_wconf 84' lang='lat' dir='ltr'><strong>et</strong></span> <span class='ocrx_word' id='word_1_116' title='bbox 1560 3757 1564 3766; x_wconf 93' lang='lat'><strong>.</strong></span> 
     </span>
    </p>
   </div>
   <div class='ocr_carea' id='block_1_6' title="bbox 363 3795 1426 4704">
    <p class='ocr_par' dir='ltr' id='par_1_7' title="bbox 363 3795 1426 4704">
     <span class='ocr_line' id='line_1_21' title="bbox 364 3795 1424 3900; baseline -0.009 -24"><span class='ocrx_word' id='word_1_117' title='bbox 364 3801 658 3900; x_wconf 67' lang='lat' dir='ltr'><strong>magnanimitas,</strong></span> <span class='ocrx_word' id='word_1_118' title='bbox 685 3797 904 3889; x_wconf 79' lang='lat' dir='ltr'><strong>referebant,</strong></span> <span class='ocrx_word' id='word_1_119' title='bbox 928 3797 992 3870; x_wconf 83' lang='lat' dir='ltr'><strong>red</strong></span> <span class='ocrx_word' id='word_1_120' title='bbox 1016 3797 1178 3869; x_wconf 77' lang='lat' dir='ltr'><strong>maximis</strong></span> <span class='ocrx_word' id='word_1_121' title='bbox 1205 3795 1311 3868; x_wconf 88' lang='lat' dir='ltr'><strong>etiam</strong></span> <span class='ocrx_word' id='word_1_122' title='bbox 1338 3817 1424 3892; x_wconf 82' lang='lat' dir='ltr'><strong>prte-</strong></span> 
     </span>
     <span class='ocr_line' id='line_1_22' title="bbox 363 3911 1423 4011; baseline -0.006 -21"><span class='ocrx_word' id='word_1_123' title='bbox 363 3917 477 3990; x_wconf 83' lang='lat' dir='ltr'><strong>ooniit</strong></span> <span class='ocrx_word' id='word_1_124' title='bbox 499 3929 537 3990; x_wconf 82' lang='lat' dir='ltr'><strong>et</strong></span> <span class='ocrx_word' id='word_1_125' title='bbox 557 3913 854 3989; x_wconf 76' lang='lat' dir='ltr'><strong>admirationibus</strong></span> <span class='ocrx_word' id='word_1_126' title='bbox 874 3911 1092 4001; x_wconf 83' lang='lat' dir='ltr'><strong>attollendo,</strong></span> <span class='ocrx_word' id='word_1_127' title='bbox 1117 3935 1160 3984; x_wconf 87' lang='lat' dir='ltr'><strong>ea</strong></span> <span class='ocrx_word' id='word_1_128' title='bbox 1179 3911 1290 4011; x_wconf 76' lang='lat' dir='ltr'><strong>pluris</strong></span> <span class='ocrx_word' id='word_1_129' title='bbox 1313 3933 1423 4007; x_wconf 85' lang='lat' dir='ltr'><strong>quem</strong></span> 
     </span>
     <span class='ocr_line' id='line_1_23' title="bbox 364 4025 1424 4118; baseline -0.006 -14"><span class='ocrx_word' id='word_1_130' title='bbox 364 4045 483 4110; x_wconf 79' lang='lat' dir='ltr'><strong>errent</strong></span> <span class='ocrx_word' id='word_1_131' title='bbox 515 4031 616 4104; x_wconf 79' lang='lat' dir='ltr'><strong>facile</strong></span> <span class='ocrx_word' id='word_1_132' title='bbox 647 4029 837 4104; x_wconf 79' lang='lat' dir='ltr'><strong>iaciebant.</strong></span> <span class='ocrx_word' id='word_1_133' title='bbox 875 4028 1015 4118; x_wconf 77' lang='lat' dir='ltr'><strong>Quibus</strong></span> <span class='ocrx_word' id='word_1_134' title='bbox 1047 4027 1202 4100; x_wconf 79' lang='lat' dir='ltr'><strong>exterriti</strong></span> <span class='ocrx_word' id='word_1_135' title='bbox 1229 4025 1424 4098; x_wconf 84' lang='lat' dir='ltr'><strong>nuntiatio·</strong></span> 
     </span>
     <span class='ocr_line' id='line_1_24' title="bbox 365 4141 1425 4245; baseline -0.005 -25"><span class='ocrx_word' id='word_1_136' title='bbox 365 4146 491 4241; x_wconf 83' lang='lat' dir='ltr'><strong>nibue‚</strong></span> <span class='ocrx_word' id='word_1_137' title='bbox 516 4147 555 4221; x_wconf 88' lang='lat' dir='ltr'><strong>hi</strong></span> <span class='ocrx_word' id='word_1_138' title='bbox 583 4148 647 4245; x_wconf 89' lang='lat' dir='ltr'><strong>qui</strong></span> <span class='ocrx_word' id='word_1_139' title='bbox 680 4145 931 4244; x_wconf 79' lang='lat' dir='ltr'><strong>locupletiores</strong></span> <span class='ocrx_word' id='word_1_140' title='bbox 961 4157 1064 4218; x_wconf 89' lang='lat' dir='ltr'><strong>erant</strong></span> <span class='ocrx_word' id='word_1_141' title='bbox 1096 4143 1132 4214; x_wconf 90' lang='lat' dir='ltr'><strong>in</strong></span> <span class='ocrx_word' id='word_1_142' title='bbox 1166 4143 1264 4214; x_wconf 88' lang='lat' dir='ltr'><strong>dicto</strong></span> <span class='ocrx_word' id='word_1_143' title='bbox 1298 4141 1425 4216; x_wconf 81' lang='lat' dir='ltr'><strong>Celetii</strong></span> 
     </span>
     <span class='ocr_line' id='line_1_25' title="bbox 365 4243 1422 4360; baseline 0 -30"><span class='ocrx_word' id='word_1_144' title='bbox 365 4262 515 4359; x_wconf 83' lang='lat' dir='ltr'><strong>oppido,</strong></span> <span class='ocrx_word' id='word_1_145' title='bbox 534 4277 610 4336; x_wconf 87' lang='lat' dir='ltr'><strong>tam</strong></span> <span class='ocrx_word' id='word_1_146' title='bbox 622 4261 874 4360; x_wconf 73' lang='lat' dir='ltr'><strong>negotiatores,</strong></span> <span class='ocrx_word' id='word_1_147' title='bbox 889 4282 998 4355; x_wconf 86' lang='lat' dir='ltr'><strong>quarn</strong></span> <span class='ocrx_word' id='word_1_148' title='bbox 1016 4255 1215 4329; x_wconf 79' lang='lat' dir='ltr'><strong>absentium</strong></span> <span class='ocrx_word' id='word_1_149' title='bbox 1229 4243 1422 4349; x_wconf 68' lang='lat' dir='ltr'><strong>institores,</strong></span> 
     </span>
     <span class='ocr_line' id='line_1_26' title="bbox 365 4369 1423 4469; baseline -0.004 -22"><span class='ocrx_word' id='word_1_150' title='bbox 365 4399 502 4448; x_wconf 79' lang='lat' dir='ltr'><strong>mercer</strong></span> <span class='ocrx_word' id='word_1_151' title='bbox 516 4400 598 4448; x_wconf 81' lang='lat' dir='ltr'><strong>auae</strong></span> <span class='ocrx_word' id='word_1_152' title='bbox 613 4390 650 4448; x_wconf 93' lang='lat' dir='ltr'><strong>et</strong></span> <span class='ocrx_word' id='word_1_153' title='bbox 665 4399 816 4449; x_wconf 77' lang='lat' dir='ltr'><strong>suorum</strong></span> <span class='ocrx_word' id='word_1_154' title='bbox 836 4373 1069 4446; x_wconf 87' lang='lat' dir='ltr'><strong>dominorum</strong></span> <span class='ocrx_word' id='word_1_155' title='bbox 1079 4387 1098 4462; x_wconf 84' lang='lat'><strong>‚&#39;</strong></span> <span class='ocrx_word' id='word_1_156' title='bbox 1108 4393 1198 4468; x_wconf 80' lang='lat' dir='ltr'><strong>quae</strong></span> <span class='ocrx_word' id='word_1_157' title='bbox 1218 4369 1290 4444; x_wconf 91' lang='lat' dir='ltr'><strong>illic</strong></span> <span class='ocrx_word' id='word_1_158' title='bbox 1313 4395 1423 4469; x_wconf 73' lang='lat' dir='ltr'><strong>nego·</strong></span> 
     </span>
     <span class='ocr_line' id='line_1_27' title="bbox 365 4486 1425 4586; baseline -0.004 -22"><span class='ocrx_word' id='word_1_159' title='bbox 365 4488 477 4564; x_wconf 84' lang='lat' dir='ltr'><strong>tiandi</strong></span> <span class='ocrx_word' id='word_1_160' title='bbox 490 4513 595 4562; x_wconf 80' lang='lat' dir='ltr'><strong>crura</strong></span> <span class='ocrx_word' id='word_1_161' title='bbox 606 4489 837 4576; x_wconf 82' lang='lat' dir='ltr'><strong>advexerant,</strong></span> <span class='ocrx_word' id='word_1_162' title='bbox 850 4499 1085 4586; x_wconf 80' lang='lat' dir='ltr'><strong>properanter</strong></span> <span class='ocrx_word' id='word_1_163' title='bbox 1100 4501 1136 4558; x_wconf 92' lang='lat' dir='ltr'><strong>et</strong></span> <span class='ocrx_word' id='word_1_164' title='bbox 1148 4487 1303 4579; x_wconf 89' lang='lat' dir='ltr'><strong>concite,</strong></span> <span class='ocrx_word' id='word_1_165' title='bbox 1322 4486 1425 4560; x_wconf 81' lang='lat' dir='ltr'><strong>valde</strong></span> 
     </span>
     <span class='ocr_line' id='line_1_28' title="bbox 364 4599 1426 4704; baseline -0.006 -26"><span class='ocrx_word' id='word_1_166' title='bbox 364 4605 412 4678; x_wconf 84' lang='lat' dir='ltr'><strong>de</strong></span> <span class='ocrx_word' id='word_1_167' title='bbox 435 4603 574 4704; x_wconf 86' lang='lat' dir='ltr'><strong>oppido</strong></span> <span class='ocrx_word' id='word_1_168' title='bbox 594 4617 631 4676; x_wconf 88' lang='lat' dir='ltr'><strong>et</strong></span> <span class='ocrx_word' id='word_1_169' title='bbox 653 4603 730 4698; x_wconf 74' lang='lat' dir='ltr'><strong>ejus</strong></span> <span class='ocrx_word' id='word_1_170' title='bbox 752 4601 963 4674; x_wconf 71' lang='lat' dir='ltr'><strong>defensione</strong></span> <span class='ocrx_word' id='word_1_171' title='bbox 985 4599 1205 4694; x_wconf 84' lang='lat' dir='ltr'><strong>diffidenter,</strong></span> <span class='ocrx_word' id='word_1_172' title='bbox 1228 4601 1276 4692; x_wconf 83' lang='lat' dir='ltr'><strong>ti,</strong></span> <span class='ocrx_word' id='word_1_173' title='bbox 1301 4600 1426 4700; x_wconf 88' lang='lat' dir='ltr'><strong>utique</strong></span> 
     </span>
    </p>
   </div>
   <div class='ocr_carea' id='block_1_7' title="bbox 0 0 1951 5892">
    <p class='ocr_par' dir='ltr' id='par_1_8' title="bbox 0 0 1951 5892">
     <span class='ocr_line' id='line_1_29' title="bbox 0 0 1951 5892; baseline 0 0"><span class='ocrx_word' id='word_1_174' title='bbox 0 0 1951 5892; x_wconf 95' lang='lat' dir='ltr'><strong> </strong></span> 
     </span>
    </p>
   </div>
  </div>
 </body>
</html>
