3892 5892
542 898 598 965 rto
827 896 1080 960 msronrtuun
1100 888 1307 960 cnonvn

540 1026 770 1117 serenantis,
788 1042 873 1100 cum
890 1026 1022 1099 nullius
1036 1028 1081 1097 sit
1099 1024 1273 1117 efficentia,
1294 1027 1519 1123 quantumvis
1533 1045 1606 1101 nu·

540 1160 697 1235 merore,
711 1144 791 1215 'sine
808 1140 936 1214 ordine
952 1154 989 1214 et
1005 1140 1191 1240 discipiina
1207 1140 1345 1231 militia,
1367 1130 1429 1213 etti
1441 1202 1444 1213 .
1455 1134 1603 1214 iatroci-

540 1264 683 1336 niorunt
712 1266 831 1363 potius
860 1272 967 1361 atque
996 1264 1160 1335 omnium
1191 1262 1381 1336 critninuttt
1415 1276 1457 1335 tc
1486 1264 1601 1335 totius

539 1380 781 1454 dissolutionis
797 1380 944 1455 materia
953 1379 1107 1453 exsistat.

908 1644 1160 1739 einrunon
1185 1640 1228 1721 u.

575 1816 663 1881 Quem
677 1814 766 1886 gravia
775 1827 807 1867 -et
823 1814 973 1887 perniciosa
985 1832 1066 1868 oum
1083 1813 1141 1869 huo
1158 1814 1287 1901 equestris
1294 1812 1457 1886 conducti&
1467 1814 1558 1871 milui·

611 1905 762 1959 continuata
775 1902 899 1971 attulerit,
904 1903 998 1974 aitque,
1007 1899 1135 1975 quamdiu
1145 1900 1287 1991 duraverit,
1297 1901 1393 1975 jugiter
1403 1903 1521 1959 aliatum,

591 2080 716 2148 Postea
746 2090 856 2166 vero,
888 2075 999 2175 pulsis
1028 2074 1084 2148 de
1105 2076 1323 2147 normannis
1352 2083 1460 2173 atque·
1489 2076 1597 2173 aquis

541 2188 847 2282 tentabundus,
876 2195 912 2263 ei
940 2202 1052 2287 regnu
1082 2188 1150 2263 sub
1178 2192 1351 2289 potestate
1377 2192 1595 2262 Francorum

540 2303 660 2378 Caroli
679 2306 771 2401 regis
798 2306 1014 2403 reintegrato
1040 2318 1082 2377 au
1105 2304 1284 2395 restituto,
1318 2320 1427 2401 qutun
1456 2305 1593 2401 gratis,

541 2441 650 2521 quant
678 2440 830 2495 onerosa
867 2428 1050 2520 quamque
1079 2420 1279 2522 perniciosa
1305 2420 1474 2491 exstiterit
1499 2419 1596 2493 diota

541 2537 664 2609 miiitia
686 2538 859 2636 equestris
876 2538 991 2636 sitque
1013 2534 1207 2633 aliquando
1230 2536 1348 2607 futura
1365 2550 1500 2631 regno,
1527 2534 1596 2608 nisi

490 2671 495 2684 “
541 2642 661 2725 divina
689 2646 895 2753 propitiatio
926 2664 1083 2743 avertat,
1115 2651 1179 2723 etsi
1203 2651 1365 2751 plerique
1394 2650 1595 2727 hebetiores

540 2781 660 2841 mente
683 2784 758 2839 non
783 2768 985 2858 advertant,
1005 2768 1083 2839 viro
1104 2781 1225 2840 tamen
1242 2767 1391 2865 sapienti
1415 2768 1505 2866 (qui
1518 2784 1593 2841 non

541 2884 609 2955 niti
624 2883 760 2972 bonus,
779 2882 809 2952 si
827 2882 968 2979 sapiens
985 2896 1054 2974 est,
1073 2894 1191 2980 potest
1206 2882 1397 2985 exsistere)
1418 2881 1520 2957 tacite
1542 2892 1594 2955 est

539 2996 761 3095 perpendere
786 3010 822 3069 et
833 2995 1006 3091 judicare.
1036 3000 1127 3068 Cum
1149 2996 1245 3071 enim
1261 2996 1435 3071 haetenus
1460 3016 1504 3090 ex
1520 3004 1592 3095 quo

540 3113 649 3185 semei
666 3104 802 3185 initiata
817 3112 894 3207 fuit,
919 3124 1065 3211 urgente
1083 3120 1167 3186 tune
1187 3114 1406 3206 necessitate,
1430 3135 1472 3188 ea
1486 3116 1592 3188 etiarn

540 3227 638 3301 nulia
653 3228 878 3319 imminente,
895 3230 924 3302 si
944 3230 991 3303 ud
1008 3254 1135 3329 puram
1153 3230 1340 3303 veritatem
1358 3244 1425 3303 uos
1447 3230 1591 3303 coniur-

540 3362 639 3417 mare
657 3347 840 3439 volumus,
864 3345 1051 3445 hucusque
1067 3341 1285 3445 perdurarit,
1302 3345 1493 3419 terisitniie
1504 3346 1591 3421 'non

540 3447 846 3559 esthujuscemodi
854 3462 1114 3534 conductitiam
1126 3460 1286 3534 militiam
1296 3460 1342 3539 de
1357 3470 1593 3536 aeuteeurnm

540 3578 602 3673 qui
617 3592 808 3675 supersunt
823 3578 1029 3651 desituram.
1054 3581 1114 3648 Est
1128 3578 1225 3650 eninr
1240 3592 1402 3677 pergrata
1418 3580 1587 3677 tyrannis.

495 3751 498 3760 .
540 3695 696 3767 Euenim
710 3693 957 3794 quodseniper
967 3691 1166 3792 potentiam
1181 3703 1430 3767 consectantur
1441 3705 1476 3767 et
1484 3712 1590 3795 appe·

541 3820 633 3901 tunt,
652 3808 811 3907 neglecta
822 3810 971 3906 justitia,
990 3800 1055 3881 nee
1069 3808 1115 3881 de
1132 3808 1358 3895 subditorum
1374 3811 1506 3909 quiete,
1516 3812 1591 3908 jus·-

541 3924 616 3997 titia
632 3924 831 3997 etutiiitate
852 3923 924 3998 ulla
941 3925 991 3995 eis
1008 3938 1096 3997 eura
1120 3926 1269 4028 exstitit,
1287 3926 1363 3999 imo
1387 3928 1523 4025 potius,
1547 3946 1591 3999 nn

540 4040 734 4114 reiuctandi
748 4058 784 4115 et
794 4038 1017 4141 repugnandi
1028 4066 1100 4113 suae
1111 4042 1291 4139 tyrannidi
1299 4058 1404 4140 atque
1414 4044 1592 4144 pravitati·

539 4154 607 4228 bus
620 4157 712 4230 vires
725 4157 956 4254 animumque
965 4170 1157 4248 assumant,
1168 4181 1230 4229 eos
1245 4158 1336 4231 dura
1352 4160 1518 4233 servitute
1534 4159 1592 4232 tri·

539 4268 709 4343 buturum
726 4286 834 4371 atque
849 4269 964 4344 metus
981 4266 1123 4345 student
1139 4264 1280 4372 semper
1297 4274 1520 4373 opprimere,
1539 4288 1592 4346 ret

539 4376 590 4455 eis
619 4384 879 4481 pernecessaria
905 4378 1086 4479 judicatur
1122 4398 1157 4455 et
1184 4382 1334 4457 manime
1362 4384 1521 4482 jucunda
1546 4384 1591 4460 ad

540 4497 755 4598 potiendum
779 4501 936 4588 irriseris,
955 4499 1088 4597 quibus
1106 4503 1288 4595 serviunt,
1315 4500 1588 4601 cupiditatibus,

540 4639 680 4713 semper
710 4612 756 4687 ad
783 4615 958 4715 stipendia
982 4636 1046 4689 sua
1079 4632 1238 4717 paratam
1265 4602 1398 4693 habere
1425 4630 1589 4717 magnam
