3892 5892
728 946 837 1005 unm
862 948 1032 1021 Quurrus.
1350 941 1408 1011 aas

353 1085 418 1134 sua
432 1063 499 1136 sub
513 1063 650 1138 ditione
664 1065 820 1155 tenebat,
837 1068 978 1162 gravior
989 1068 1086 1174 justo
1104 1083 1209 1170 atque
1225 1074 1412 1148 onerosior

354 1179 429 1250 luit.
449 1183 538 1252 Nam
555 1205 639 1252 cum
658 1195 744 1254 tunc
760 1182 1016 1256 rationabiliter
1040 1184 1181 1284 plebes,
1204 1213 1283 1286 quae
1303 1203 1410 1264 tutet

353 1306 468 1365 tantas
487 1317 529 1367 ac
550 1319 651 1394 paene
673 1296 950 1372 innumerabiles
976 1299 1094 1372 clades
1121 1325 1187 1400 pro
1210 1301 1280 1376 fide
1303 1303 1348 1376 ad
1372 1330 1409 1377 se

352 1410 526 1483 servanda
550 1409 804 1513 [acceperant],
828 1413 929 1488 linita
949 1415 1024 1513 jam
1050 1441 1198 1514 guerra,
1224 1419 1409 1494 sublevare

353 1525 586 1600 collationum
600 1527 769 1601 oneribus
784 1543 819 1600 et
844 1530 969 1621 variis,
991 1530 1040 1603 ob
1057 1555 1266 1628 guerrarum
1289 1559 1410 1607 neces·

352 1643 470 1716 sitates
487 1647 779 1745 superimpositis,
797 1646 1026 1745 vectigalibus
1047 1662 1153 1747 atque
1179 1647 1319 1723 tribulis
1344 1652 1409 1725 de·

352 1756 508 1851 buisser,
531 1776 568 1833 et
592 1785 714 1834 earnm
737 1763 893 1860 compati
918 1763 1067 1836 miseriis
1092 1779 1125 1836 et
1151 1763 1410 1840 calamitatibus

352 1873 521 1965 infinitis,
551 1901 640 1974 quas
663 1877 720 1949 sui
744 1877 932 1950 occasione
960 1878 1202 1978 pertulerant,
1228 1879 1266 1952 id
1290 1895 1409 1955 tamen

352 1991 501 2062 minime
517 1989 645 2077 effecit,
659 1992 721 2065 sed
735 1994 960 2065 exactionum
976 2018 1086 2066 onera
1099 1993 1154 2068 vel
1173 1998 1408 2088 continuavit,

352 2104 408 2176 vel
422 2107 528 2178 etiarn
540 2105 695 2178 adauxit.
711 2111 750 2178 ln
764 2130 838 2205 quo
850 2107 887 2178 iu
902 2111 1062 2180 Deumet
1075 2107 1239 2182 homines
1250 2112 1410 2211 prolecto

351 2219 612 2315 ingratitudinis
640 2220 757 2294 labem
786 2237 894 2320 atque
918 2223 1043 2294 vitium
1072 2225 1218 2298 minime
1245 2251 1413 2303 excusare

352 2335 545 2430 potuisset,
570 2359 773 2434 quanquam
798 2336 844 2409 ab
862 2337 1158 2428 assentatoribus,
1174 2341 1236 2438 qui
1257 2340 1351 2414 circa
1373 2368 1412 2416 se

352 2473 483 2548 magno
503 2477 644 2551 semper
665 2477 818 2526 numero
839 2467 874 2526 et
897 2454 979 2526 loco
1003 2451 1146 2526 sublimi
1175 2453 1408 2547 exsistebant,

351 2567 474 2640 omnia
498 2592 576 2665 quae
598 2583 718 2665 ageret
739 2593 801 2642 seu
830 2568 923 2666 juste
944 2593 1007 2641 sen
1033 2569 1184 2667 injuste,
1202 2571 1410 2670 pertinacis·

351 2683 443 2755 sime
460 2699 727 2756 excusarentur.

386 2798 564 2891 ,Publicus
583 2801 692 2890 etiam
707 2800 1033 2874 administrationes
1058 2815 1165 2900 atque
1188 2801 1305 2878 ollicia
1319 2803 1413 2902 judi-

348 2927 481 2988 caturae
491 2915 621 3014 passim
635 2916 826 3015 unicuique
839 2917 984 3016 petenti,
998 2929 1035 2988 et
1046 2914 1180 3016 absque
1190 2916 1409 3012 difficultate,

348 3029 568 3103 venrrmdare
583 3033 760 3129 permisit3
778 3031 895 3130 quod,
912 3055 1022 3129 quarn
1039 3031 1085 3103 sit
1101 3030 1253 3130 publicae
1269 3033 1411 3107 utilitati

348 3147 559 3238 adversum,
592 3163 799 3246 quantaque
825 3146 910 3217 inde
936 3146 1150 3218 detrimenta
1174 3151 1409 3246 proveniant,

349 3275 492 3360 quanlae
516 3263 669 3360 proinde
700 3259 1016 3350 concussionibus,
1044 3261 1195 3358 rapinis,
1221 3277 1329 3361 alque
1354 3287 1413 3337 ca·

352 3376 497 3449 lnmniis
512 3377 705 3473 acjustitiae
720 3375 941 3472 corruptioni
963 3374 1171 3446 occasiones
1188 3392 1410 3475 praestentur,

353 3513 426 3562 uon
445 3489 545 3563 facile
562 3491 631 3564 dici
650 3503 781 3590 posset.
794 3493 884 3578 Quae
899 3488 1130 3561 incommoda
1147 3490 1341 3590 prudenter
1353 3493 1414 3564 ad·

351 3621 529 3678 vertentes
543 3611 787 3680 Romanorum
802 3605 920 3701 legum
936 3604 1027 3676 sacri
1043 3604 1269 3699 conditores,
1288 3608 1413 3706 proui-

352 3719 559 3792 dentissime
585 3721 679 3792 inter
701 3719 857 3820 capitula
876 3719 1091 3816 juramenti,
1122 3721 1221 3818 quod
1248 3737 1413 3821 praestare

353 3853 521 3911 tenentur
544 3839 607 3936 qui
630 3838 676 3910 ad
696 3837 856 3938 publicas
873 3835 1198 3910 administrationes
1214 3839 1414 3912 adsciscun-

352 3967 423 4044 tur,
445 3954 533 4027 illud
551 3955 795 4043 inseruerunt,
817 3951 917 4052 quod
936 3951 1045 4034 nihil.
1067 3967 1104 4024 ut
1126 3953 1413 4027 administratio-

355 4093 438 4140 nem
457 4083 778 4168 consequerentur,
804 4067 946 4140 dedisse
970 4066 1027 4139 vel
1044 4069 1271 4166 promisisse,
1294 4095 1359 4168 per
1377 4094 1414 4141 se

354 4183 410 4255 vel
426 4184 670 4285 interpositam
687 4208 897 4287 personam,
916 4200 1139 4256 sacramento
1156 4184 1347 4258 affirment.

402 4303 441 4370 ln
459 4302 669 4374 coercendis
689 4302 797 4373 etiarn
819 4301 953 4398 rapinis
971 4315 1079 4398 atque
1104 4301 1242 4396 injuriis
1265 4326 1413 4374 suorum

353 4413 663 4512 stipendiariorum
674 4415 909 4514 negligentior
920 4413 997 4486 luit.
1009 4419 1098 4488 Nam
1110 4415 1171 4488 ubi
1185 4417 1415 4516 prestatione

353 4529 460 4601 locati
478 4545 595 4620 erant,
615 4557 680 4630 per
694 4557 799 4629 agros
815 4544 850 4603 et
875 4529 976 4601 villas
997 4530 1181 4620 victitare,
1201 4545 1308 4629 atque
1334 4558 1416 4632 pro

355 4643 523 4718 rinciales
535 4671 603 4746 pro
614 4647 730 4739 libito,
747 4646 810 4719 ubi
828 4661 862 4718 et
875 4645 1015 4743 quoties
1032 4645 1214 4738 volebant,
1226 4645 1419 4756 hospitales
