3892 5892
516 803 573 860 2¹2
807 798 1064 860 fflswtttttttttt
1085 798 1220 856 ennom
1240 798 1292 853 Vll

516 924 621 997 batur
642 923 734 996 clam
754 948 776 996 a
796 923 978 1023 pluribus,
1002 946 1077 995 non
1103 920 1215 993 modo
1241 919 1314 991 suis
1329 916 1488 1006 civibus,
1509 918 1577 989 sed

516 1040 621 1112 etiam
639 1039 685 1112 ab
701 1040 786 1140 ipsis
801 1038 976 1137 Anglicis,
994 1041 1056 1137 qui
1081 1038 1155 1110 non
1183 1037 1220 1107 in
1246 1059 1430 1107 armorum
1450 1028 1578 1104 dolen·

516 1155 634 1247 sione,
649 1155 713 1230 sed
729 1155 891 1252 insolitis
906 1156 972 1229 Dei
990 1154 1231 1229 misericordia
1245 1167 1281 1225 et
1292 1152 1378 1225 dicti
1395 1150 1578 1250 pontilicis

514 1272 742 1372 providentia
759 1299 829 1346 suae
850 1272 971 1345 salutis
993 1294 1034 1346 ac
1052 1276 1132 1345 vitae
1154 1296 1255 1371 spem
1277 1270 1471 1368 repositam
1498 1292 1578 1339 esse

514 1389 686 1465 sciebant.
702 1394 814 1463 Porro
826 1403 926 1461 tanta
942 1388 1009 1462 sub
1025 1389 1193 1491 servitute
1207 1401 1321 1459 metus
1339 1386 1433 1457 cives
1449 1398 1483 1456 et
1495 1408 1578 1455 om·

516 1534 580 1581 nes
595 1510 750 1606 regionis
765 1507 894 1581 accole
908 1506 1043 1583 detenti
1059 1507 1198 1580 suerent
1213 1503 1280 1607 sub
1300 1502 1494 1601 bogiorum
1507 1498 1576 1573 do·

517 1624 725 1716 minatione,
737 1622 839 1721 quod
854 1620 973 1695 nullus
989 1647 1031 1694 ex
1043 1612 1224 1711 omnibus,
1242 1618 1324 1692 licet
1339 1618 1577 1689 imminentis·

515 1741 647 1813 simum
657 1754 845 1813 cernerent
852 1740 1069 1839 periculum,
1085 1738 1130 1811 de
1142 1736 1324 1811 deditione
1336 1761 1398 1807 seu
1410 1734 1578 1833 pactione

515 1857 633 1955 aliqua
649 1882 733 1929 cum
751 1858 894 1929 Francis
910 1882 1016 1931 ausus
1033 1856 1155 1929 suisset
1168 1852 1318 1927 verbum
1332 1854 1489 1951 aperire,
1508 1852 1578 1924 nisi

516 1973 588 2045 illic
615 1975 773 2071 optimus
800 1973 859 2049 ille
884 1974 1074 2074 episcopus
1096 1987 1302 2074 opportune
1322 1970 1504 2043 adfuisset.
1534 1970 1579 2038 Et

516 2090 591 2189 ipse
607 2090 777 2189 quidem,
791 2092 1035 2193 periculorum
1051 2117 1198 2166 suorum
1221 2116 1298 2164 nou
1318 2091 1479 2188 ignarus,
1498 2112 1579 2189 quae

517 2204 583 2278 sibi
596 2227 638 2279 ex
648 2209 748 2281 omni
756 2223 857 2307 parte
868 2210 906 2283 in
916 2233 979 2283 sua
990 2209 1147 2281 manenti
1157 2208 1296 2281 civitate
1307 2203 1577 2306 impendebant,

517 2320 618 2395 facile
628 2322 1024 2425 eadem,si[voluisset],
1036 2324 1207 2426 potuisset
1216 2320 1373 2422 pericula
1382 2320 1576 2395 declinare.

517 2434 680 2510 Habebat
695 2439 792 2511 enim
807 2439 855 2511 ad
868 2439 958 2513 duas
972 2437 1092 2512 leucas
1108 2463 1129 2513 a
1145 2438 1288 2511 civitate
1304 2460 1369 2509 sua
1385 2436 1581 2509 munitissi-

517 2578 619 2627 mum
634 2569 790 2628 castrum
798 2558 821 2648 ¹,
837 2556 874 2629 in
891 2581 964 2657 quo
981 2558 1053 2629 suis
1069 2566 1209 2629 tantum
1225 2554 1416 2627 comitatus
1429 2552 1581 2650 capella·

518 2670 590 2762 nis,
617 2670 648 2742 si
670 2695 708 2742 se
733 2671 795 2743 illo
820 2671 979 2769 recipere
1003 2672 1191 2764 voluisset,
1221 2668 1416 2770 expugnari
1437 2692 1581 2767 possea

518 2795 595 2854 toto
628 2788 847 2856 Francorum
873 2786 1032 2857 exercitu
1065 2787 1213 2859 minime
1242 2784 1479 2859 formidasset.
1510 2783 1581 2855 Sed

390 2989 394 2995 Ι
518 2922 594 2970 non
618 2899 737 2970 minus
759 2900 831 2973 suis
854 2900 1097 3000 omnibusque
1117 2901 1245 2975 ovibus
1266 2928 1374 3001 quam
1391 2926 1462 2975 suae
1478 2900 1581 2973 saluti

517 3011 644 3085 volens
656 3015 862 3110 consulere,
882 3019 989 3092 tantis
1002 3034 1110 3118 caput
1122 3044 1230 3107 suum
1246 3020 1389 3112 maluit,
1404 3044 1471 3119 pro
1486 3042 1582 3091 com·

518 3128 622 3201 muni
643 3132 807 3205 omnium
823 3134 956 3226 salute,
975 3134 1154 3234 objectare
1174 3134 1358 3236 periculis,
1377 3159 1499 3234 quam,
1519 3134 1582 3207 eis·

519 3244 603 3319 dem
627 3245 798 3346 luporum
829 3267 866 3324 et
891 3251 1092 3326 belluarum
1118 3252 1303 3351 rapacitati
1327 3276 1369 3325 ac
1396 3251 1582 3325 voracitati

518 3363 708 3463 expositis,
727 3366 783 3438 sui
799 3368 909 3441 solius
923 3368 1074 3443 salutem
1089 3368 1128 3440 in
1146 3381 1225 3441 tuto
1240 3366 1432 3441 collocare.

568 3481 657 3553 Cum
677 3481 784 3579 igitur
804 3483 1029 3557 adventasset
1052 3485 1279 3583 cingeretque
1297 3508 1340 3579 en
1362 3483 1462 3557 omni
1481 3498 1581 3583 parte

518 3594 697 3668 civitatem
720 3620 823 3670 suam
845 3600 1019 3672 exercitus
1041 3604 1282 3693 Francorum,
1307 3600 1370 3697 qui
1388 3598 1434 3673 ad
1457 3598 1580 3675 decem

478 3728 483 3741 ’
520 3710 629 3784 millia
645 3712 819 3810 equitum,
839 3731 966 3814 praeter
981 3716 1164 3817 pedestres
1179 3717 1321 3821 copias,
1341 3730 1508 3816 poterant
1522 3741 1582 3791 ra-

519 3826 738 3902 tionabiliter
762 3831 949 3926 aestimari,
976 3834 1078 3933 petiit
1107 3861 1192 3908 cum
1217 3833 1403 3935 praecipuis
1429 3832 1581 3908 ducibus

519 3939 745 4015 haberecum
754 3945 940 4019 securitate
954 3946 1189 4047 colloquium.
1204 3949 1313 4039 Quod
1325 3974 1409 4021 cum
1420 3948 1487 4022 sibi
1498 3948 1582 4022 satis

520 4056 712 4157 liberaliter
737 4059 959 4164 libenterque
990 4068 1271 4161 consensissent,
1309 4067 1417 4140 exivit
1440 4082 1580 4167 portam

520 4174 670 4253 civitatis
685 4203 770 4251 cum
783 4178 960 4277 aliquibus
982 4182 1055 4256 suis
1074 4181 1337 4276 sacerdotibus,
1358 4199 1399 4255 ut
1415 4208 1499 4256 cum
1515 4182 1582 4256 eis-

520 4288 605 4365 dem
628 4293 846 4394 loqueretur.
874 4300 1035 4373 Tentavit
1059 4311 1178 4374 autem
1210 4298 1400 4399 imprimis,
1428 4300 1582 4373 reserens

561 4520 592 4575 l.
613 4520 655 4578 Le
666 4520 788 4582 cbtteau
802 4522 840 4583 de
851 4526 1221 4587 Commune-lnlleudrac.
