3892 5892
540 886 598 944 ¹8⁶
827 878 1079 943 mstontttttnt
1098 882 1235 943 canon
1255 888 1306 943 vn

541 1022 582 1081 et·
589 1009 769 1103 animosos
785 1027 824 1080 se
839 1007 1069 1107 probassent,
1083 1008 1273 1107 partiretur
1287 1016 1397 1108 atque
1409 1006 1596 1084 distribue·

541 1139 651 1216 retur,
669 1123 909 1221 darenturque
924 1124 976 1195 eir
992 1120 1378 1223 stipendia-ordinaria,
1397 1140 1437 1198 ut
1455 1129 1599 1225 semper

541 1261 625 1313 enm
638 1241 746 1310 armis
760 1253 797 1310 ct
810 1223 912 1337 ¹equis
923 1240 1077 1338 expediti
1091 1254 1207 1317 essent
1225 1240 1271 1314 ad
1286 1242 1434 1341 imperia
1446 1256 1482 1315 et
1496 1258 1598 1316 tnan·

541 1354 622 1427 data
634 1357 725 1452 regia
736 1343 964 1452 exsequenda
969 1358 994 1426 ¹.
1009 1354 1059 1427 Fut
1072 1354 1131 1429 itta
1142 1356 1355 1452 igituttanta
1366 1356 1599 1432 multitudino

544 1469 726 1543 decretum
741 1484 796 1543 est
815 1484 855 1541 ut
871 1469 967 1542 milia
985 1485 1021 1542 et
1036 1473 1237 1569 quingente
1254 1472 1385 1547 lanceae
1401 1466 1598 1571 deligeren-

543 1599 602 1657 tur
616 1607 659 1657 ex
681 1584 725 1655 iia
749 1583 812 1681 qui
831 1596 952 1678 aetate,
971 1590 1103 1659 aurun
1119 1588 1280 1687 corporis
1301 1602 1336 1660 et
1351 1588 1599 1662 membrorum

544 1700 761 1785 valetudine,
787 1701 1016 1799 equitatque
1038 1704 1146 1780 armis
1171 1722 1243 1803 pre
1268 1706 1401 1780 steteris
1420 1702 1596 1799 instructi,

545 1821 754 1895 amentiores
785 1834 823 1891 et
852 1821 964 1916 tnagis
994 1823 1127 1893 strenui
1160 1820 1393 1921 putarentur;
1429 1820 1600 1922 quodque

544 1936 670 2007 lancea
701 1928 866 2031 quaelibet
891 1933 984 2007 duos
1009 1936 1204 2032 sagittarios
1228 1948 1265 2009 et
1289 1956 1403 2010 unum
1428 1936 1600 2010 famulum

548 2062 728 2146 equestres
744 2044 780 2121 e't
796 2062 950 2122 armatos
970 2049 1137 2141 haberet,
1155 2068 1238 2124 curn
1249 2050 1399 2125 'duobus
1415 2048 1604 2149 mangoni-

548 2162 616 2235 bus
630 2165 693 2261 qni
707 2184 819 2262 equos
836 2174 1056 2237 armatorum
1072 2165 1251 2240 custodire
1271 2179 1306 2241 et
1326 2178 1520 2267 procurare
1536 2165 1601 2241 ha-

550 2281 696 2372 berent3
715 2296 752 2353 et
771 2283 822 2354 aio
844 2281 1018 2380 quelibet
1032 2268 1154 2355 lancea
1178 2281 1327 2356 haberet
1343 2304 1404 2357 ser
1430 2306 1543 2384 equos
1568 2297 1605 2358 et

551 2418 627 2468 non
654 2397 786 2495 piures.
813 2396 1025 2493 Hujusmodi
1043 2410 1162 2469 autem
1180 2397 1309 2471 lanceae
1330 2396 1425 2474 mille
1442 2416 1477 2473 et
1501 2402 1605 2501 quin·

553 2528 665 2611 gentse
676 2514 744 2586 sub
755 2514 960 2612 quindecim
971 2514 1164 2612 capitaneis
1184 2532 1246 2585 teu
1261 2514 1435 2612 magistris
1453 2514 1604 2589 militnm

555 2633 751 2703 commissae
766 2644 868 2723 sunt,
885 2652 1042 2727 quorum
1058 2631 1208 2728 quisque
1221 2628 1289 2701 sub
1300 2628 1433 2703 ducam
1446 2653 1511 2703 suo
1525 2652 1605 2704 cen·

555 2763 633 2820 turn
648 2746 796 2821 haberet
815 2745 976 2832 lanceas;
997 2742 1032 2814 et
1047 2742 1106 2815 hic
1122 2764 1311 2835 numerus,
1329 2760 1401 2816 tarn
1416 2766 1483 2845 pro
1498 2746 1605 2820 tutela

555 2864 675 2959 regui,
696 2880 804 2957 quarn
828 2880 896 2955 pro
920 2858 1172 2956 recuperandis
1194 2862 1295 2932 terris
1317 2882 1395 2957 quae
1419 2850 1538 2934 adhuc
1560 2858 1606 2935 ab

556 2976 719 3047 hostibus
744 2972 1011 3062 detinebantur,
1040 2973 1200 3047 sufficere
1224 2976 1380 3047 creditus
1404 2985 1495 3047 est².
1530 2982 1605 3049 imo

558 3089 683 3190 procul
698 3088 810 3161 dubio
824 3082 1049 3160 abundanter
1062 3086 1109 3161 ad
1123 3086 1242 3163 omnia
1256 3090 1502 3186 hujuscemodi
1514 3091 1607 3164 suffi-

558 3208 656 3279 ciens
682 3221 775 3294 erat,
812 3219 946 3277 attenta
981 3206 1132 3277 maxime
1169 3204 1340 3279 fiscalium
1373 3205 1607 3281 diminutione

560 3320 734 3412 mirabili,
753 3346 799 3396 eo
820 3320 919 3419 quod
944 3321 1068 3417 major·
1082 3342 1165 3419 pars
1186 3322 1293 3393 totius
1310 3321 1430 3417 regni,
1457 3336 1496 3391 ut
1510 3344 1608 3420 sape

561 3441 762 3532 retulimus,
786 3438 930 3539 populis
951 3438 1121 3512 exhausta
1140 3428 1175 3509 et
1196 3451 1361 3527 vacuata,
1386 3436 1550 3534 squalens
1574 3452 1608 3509 et

561 3557 695 3630 inculta
710 3555 862 3653 jacebat.
875 3558 926 3635 ,Er
940 3551 1040 3650 quod
1063 3552 1109 3623 ad
1124 3551 1307 3651 praedictas
1323 3551 1489 3627 utilitates
1512 3552 1609 3627 suffi-

561 3678 657 3749 ciens
685 3697 812 3747 manus
837 3686 944 3758 esset,
973 3670 1055 3742 satis
1078 3667 1214 3767 liquido
1239 3684 1362 3769 postea
1387 3685 1609 3770 compertum

602 3923 632 3979 i.
654 3919 710 3977 Sur
728 3915 771 3981 les
791 3924 1006 3973 remontrances
1030 3907 1081 3968 des
1099 3899 1176 3969 litata
1197 3910 1237 3969 du
1260 3930 1397 3990 royaurne
1421 3910 1611 3973 assembiest

562 4009 681 4068 Orleans
700 4026 737 4065 en
758 4005 853 4073 ttae,
873 4002 915 4059 les
934 3998 1017 4057 bases
1031 3996 1067 4056 de
1083 4010 1156 4057 cette
1176 4000 1301 4059 reiorme
1319 4002 1434 4060 avaient
1452 4001 1497 4060 tite
1513 3998 1611 4081 pasees

562 4100 635 4159 dans
649 4116 706 4155 nne
720 4087 894 4151 declaration
908 4086 959 4166 qui
970 4106 1001 4146 se
1015 4098 1119 4146 trouve
1134 4106 1172 4147 au
1185 4100 1263 4148 tome
1278 4090 1349 4147 XIII
1364 4092 1405 4168 (p.
1421 4090 1490 4163 306)
1500 4086 1542 4148 du
1556 4088 1611 4145 Ite-

562 4191 636 4248 raet!
649 4186 700 4242 des
718 4183 926 4241 Ordonnauces.

601 4284 629 4337 Ξ.
645 4280 686 4337 le
695 4284 772 4333 texte
783 4271 819 4331 de
829 4282 901 4330 oette
911 4270 1083 4347 importante
1096 4266 1279 4329 ordonnance
1291 4288 1328 4329 ne
1341 4288 1372 4329 stt
1384 4282 1518 4330 reu-oure
1531 4268 1610 4348 pitter

562 4369 634 4428 maia
643 4371 684 4424 M.
699 4362 792 4423 Vallet
802 4361 839 4420 de
847 4358 977 4417 Viriviiie
990 4378 1008 4415 a
1024 4358 1074 4415 seit
1087 4358 1234 4417 munaitre
1248 4358 1343 4417 divers
1357 4359 1527 4439 rdglcments
1542 4376 1611 4436 pro-

562 4455 693 4535 muiguds
716 4472 790 4530 pour
814 4448 996 4521 l’ext'ectttion,
1024 4446 1085 4507 Pan
1099 4459 1178 4507 entre
1191 4462 1286 4509 autres
1300 4448 1365 4509 date
1381 4448 1417 4508 de
1431 4448 1611 4531 Iouppy-le-

562 4546 688 4605 Chateau
701 4544 822 4615 (Mense)
834 4538 862 4599 le
872 4540 911 4599 26
925 4538 982 4596 mai
994 4540 1083 4597 idi-i.
1102 4536 1293 4613 Brittorte’que
1306 4542 1342 4599 de
1359 4542 1451 4597 Recole
1459 4540 1508 4597 der
1520 4538 1610 4599 ctar-

562 4650 613 4710 ees,
631 4646 652 4690 r.
667 4633 711 4688 111
723 4632 765 4703 ta·
779 4630 873 4704 ane),
885 4642 915 4707 p.
932 4631 1000 4688 tat.
