3892 5892
753 950 861 1009 HBER
883 952 1049 1011 renatus,
1364 964 1420 1021 115

372 1071 456 1169 tigio
467 1074 574 1147 totius
590 1072 683 1145 illius
699 1074 807 1171 paulo
819 1089 901 1147 ante
914 1077 1194 1177 populosissimre
1209 1098 1245 1155 et
1260 1084 1430 1187 loeuple-l

370 1188 510 1263 tissime
525 1191 647 1289 patria
663 1191 811 1267 vastatio
829 1206 865 1265 at
881 1192 1055 1267 desolatio
1069 1184 1259 1272 consecutis
1270 1217 1333 1274 est.
1354 1207 1421 1276 An·

370 1308 448 1407 glioi
472 1308 567 1381 enim
594 1333 635 1383 ex
658 1307 806 1383 diversis
828 1311 915 1383 locis
940 1311 1115 1385 inferioris
1138 1320 1365 1389 Normanniae
1385 1335 1420 1392 et

370 1423 518 1497 alierum
533 1438 707 1499 terrarum
723 1425 790 1496 sibi
804 1425 1060 1521 subjectarum,
1077 1444 1248 1528 tanquam
1264 1434 1310 1511 ad
1325 1459 1420 1506 com·

369 1564 516 1615 munem
533 1554 758 1613 occurrentes
768 1540 924 1639 prodam
936 1544 1091 1642 „oppida
1103 1548 1286 1619 etcastella
1302 1552 1419 1647 patrie

369 1680 448 1752 quae
464 1654 630 1727 tenebant
645 1653 816 1727 militibus
831 1656 1090 1756 impleverunt3
1109 1663 1172 1758 qui
1183 1686 1265 1733 nrm
1283 1668 1420 1761 magnis

369 1767 567 1867 agminibus
580 1770 731 1867 patriam
748 1769 844 1843 illam
861 1785 896 1843 et
909 1773 1045 1869 singula
1059 1775 1168 1878 ipsius
1180 1776 1258 1852 loca
1274 1803 1420 1877 percur-

368 1897 499 1973 santes,
519 1886 639 1958 omnia
656 1884 749 1957 ferro
765 1899 825 1957 aut
839 1886 919 1981 igne
935 1899 970 1958 et
982 1902 1135 1986 utroque
1151 1890 1304 1990 plurima
1320 1893 1421 1967 loco-

369 2024 450 2072 rum
482 2000 644 2100 populati
673 2016 777 2091 suut,
801 2019 1048 2100 quoscumque
1074 2006 1172 2077 viros
1205 2009 1422 2083 invenissent

369 2114 586 2189 trucidantes
612 2116 666 2188 vel
693 2116 851 2215 captivos
875 2116 1057 2190 duoentes.
1082 2122 1173 2209 Qui,
1199 2122 1261 2195 ubi
1291 2123 1420 2223 captivi

367 2230 603 2323 ducebantur,
619 2232 686 2303 nisi
699 2232 834 2329 absquo
846 2232 1017 2305 dilatione
1032 2237 1179 2333 petitam
1193 2241 1420 2313 exsolvissent

368 2344 577 2443 peoutfimn,
597 2344 850 2441 jugulabantur
863 2348 917 2419 vel
932 2346 1231 2447 demergebantur
1252 2354 1290 2426 in
1310 2378 1420 2452 aqua·

369 2482 450 2531 rum
466 2457 673 2555 gurgitibus.
701 2460 770 2533 Sed
793 2459 885 2559 proh
905 2458 1031 2533 dolor!
1053 2488 1120 2535 nec
1142 2463 1189 2536 ab
1213 2464 1273 2539 illa
1295 2470 1421 2568 populi

369 2576 616 2673 persecutione
644 2576 751 2647 etiarn
781 2575 904 2649 militia
932 2580 1171 2673 Francorum,
1199 2582 1260 2679 qui
1286 2586 1419 2683 oppida

366 2804 487 2887 estoiept
499 2806 516 2865 l
528 2800 720 2875 tancarvilla,
731 2800 759 2867 la
771 2820 925 2865 commune
937 2802 980 2865 dit
993 2802 1082 2881 qu'ils
1095 2803 1244 2867 vouloient
1255 2804 1327 2869 aller
1335 2826 1423 2885 preu-

366 2894 418 2960 ἁτε
434 2890 594 2959 caudebec.
616 2895 670 2955 Les
690 2890 825 2967 Franpois
839 2892 1061 2973 respondirent:
1079 2920 1092 2943 ι
1110 2896 1193 2953 Ceste
1208 2895 1334 2955 semaiae
1347 2915 1421 2958 nous

365 3004 455 3045 avons
466 2984 547 3069 prins
564 3003 614 3047 sur
625 3001 681 3041 noa
694 2982 822 3043 ennemis
836 2981 979 3061 plusieurs
993 2981 1089 3057 villes,
1101 2995 1130 3041 et
1143 2982 1337 3061 aujourd’huy
1349 2984 1370 3043 il
1379 2998 1422 3044 est

367 3074 529 3145 dimanche,
544 3072 564 3132 ll
577 3092 651 3133 nous
668 3071 738 3131 lault
756 3071 839 3130 louer
851 3071 938 3131 Dieu.
962 3095 976 3121 u
996 3074 1051 3129 les
1064 3090 1231 3131 communes
1248 3072 1344 3133 dirent
1361 3092 1420 3134 aux

367 3182 438 3243 gens
451 3162 593 3222 d'annes:
610 3190 625 3217 ι
639 3166 718 3222 Vous
740 3164 799 3221 ates
817 3161 959 3233 traistres3
977 3178 1052 3221 nous
1069 3180 1091 3238 y
1110 3160 1233 3221 voulous
1251 3160 1333 3221 aller.
1352 3186 1366 3218 ι
1385 3166 1420 3224 lit

365 3271 432 3313 sans
443 3252 523 3313 nulle
536 3249 737 3325 deliberatiom
750 3249 921 3329 charglrent
933 3247 1013 3308 leurs
1022 3247 1081 3309 lars
1091 3261 1121 3309 et
1131 3248 1229 3310 vivres
1242 3268 1278 3311 eu
1292 3249 1420 3311 charret*

366 3354 408 3402 tes
422 3354 451 3404 et
461 3340 643 3401 marcherent
652 3340 756 3419 jusque
766 3337 870 3416 eupres
884 3335 922 3394 de
941 3334 1103 3396 caudebec.
1116 3338 1179 3394 Etis
1196 3354 1295 3413 passer
1307 3338 1335 3395 le
1348 3352 1419 3418 pont

365 3430 453 3490 d’une
470 3430 574 3491 riviere
589 3431 639 3511 qui
651 3430 735 3491 estoit
749 3428 790 3507 lb,
804 3426 846 3485 les
862 3424 989 3486 archiers
1005 3424 1042 3483 de
1052 3423 1203 3483 caudebec
1214 3423 1420 3502 deflendoyent

364 3518 392 3580 le
403 3538 532 3599 passage.
543 3524 743 3600 longuement
755 3538 785 3578 se
793 3514 1002 3587 dellendirent3
1016 3526 1046 3572 et
1054 3514 1136 3590 ainsy
1145 3512 1233 3591 qu’ila
1241 3511 1419 3591 tendoyentt
1497 3543 1504 3551 ·

364 3610 485 3693 gaigner
505 3630 540 3671 oe
555 3624 639 3691 pont,
663 3628 723 3689 ung
740 3609 882 3689 capitaiae
899 3607 950 3687 qui
969 3606 1054 3669 estoit
1071 3616 1155 3683 party
1176 3602 1213 3664 de
1228 3606 1331 3671 Rauen
1344 3621 1419 3685 pour

364 3701 512 3765 tenloroer
525 3700 687 3773 Caudebec‚
697 3701 739 3761 les
750 3698 850 3761 advisa
862 3698 898 3761 de
911 3697 971 3758 loin
984 3708 1014 3756 et
1033 3714 1147 3776 envoya
1157 3694 1240 3753 veoir
1252 3693 1336 3773 quelz
1347 3714 1418 3777 gens

365 3794 534 3869 c'estoyent.
548 3794 589 3849 Le
603 3788 757 3871 messaiger
768 3788 824 3847 dist
839 3788 909 3865 qu'il
922 3791 972 3865 n'y
989 3784 1068 3845 avoit
1081 3803 1138 3861 que
1149 3784 1178 3842 la
1190 3781 1414 3842 communaulte.

365 3880 405 3938 Le
424 3880 565 3960 capitaine
582 3878 759 3939 chevaulcba
779 3888 838 3937 tant
857 3874 926 3955 ‹pr’il
940 3874 983 3933 les
1005 3870 1147 3931 enelouist
1164 3888 1219 3949 par
1239 3869 1368 3927 derrir'sre
1388 3882 1418 3927 et

364 3966 460 4029 donna
473 3968 711 4029 soubdainsment
723 3986 773 4026 sur
781 3966 823 4027 les
835 3960 1035 4039 Cauchaisqui
1047 3959 1085 4021 de
1093 3978 1173 4023 aene
1186 3978 1217 4018 se
1226 3956 1415 4035 doubtoyens

363 4074 434 4115 aveo
446 4057 531 4119 l'aide
542 4059 578 4119 de
589 4059 673 4119 oeulx
687 4057 724 4119 de
733 4054 894 4127 Caudebm,
903 4052 954 4135 qul
967 4052 1114 4133 ponerent
1126 4049 1153 4109 le
1162 4060 1241 4129 pont.
1255 4050 1298 4105 En
1312 4066 1369 4126 peu
1381 4046 1417 4107 de

365 4154 457 4225 temps
478 4146 549 4206 celle
569 4146 748 4227 compaignie
768 4158 871 4205 tourna
890 4162 926 4203 en
942 4152 1026 4219 grant
1047 4138 1250 4207 desconliture,
1270 4146 1299 4193 et
1321 4136 1416 4194 iurent

364 4254 488 4315 presque
497 4250 617 4299 trestous
632 4259 709 4298 mors
719 4258 758 4297 ou
771 4238 862 4317 prins,
874 4248 903 4295 et
916 4232 1116 4311 l'entreprinse
1127 4230 1178 4289 des
1184 4227 1326 4289 Cauchois
1340 4248 1417 4287 mm·

363 4342 430 4401 pue.
447 4328 488 4383 La
503 4326 682 4386 maledietion
697 4326 739 4384 lut
752 4326 836 4405 apres
849 4325 873 4383 si
893 4322 1003 4402 grande
1016 4340 1052 4379 en
1064 4322 1144 4380 caux
1157 4337 1215 4395 que
1233 4316 1260 4376 le
1278 4336 1349 4395 pays
1361 4317 1415 4378 de·

363 4430 465 4475 moure
477 4414 604 4476 inhabile
617 4434 654 4475 en
668 4416 695 4475 la
710 4414 775 4494 plus
792 4424 872 4493 part;
887 4424 916 4469 et
929 4410 1048 4470 aulcuns
1061 4409 1111 4487 qui
1124 4412 1277 4484 s’estoyent
1285 4405 1415 4489 chargit's

363 4503 394 4561 es
410 4502 536 4573 navires,
547 4521 659 4561 comme
672 4502 709 4561 ila
722 4522 752 4561 se
766 4512 923 4581 pensoyent
936 4498 1063 4569 saulver‚
1078 4498 1115 4565 ila
1125 4496 1252 4575 perirent
1259 4516 1311 4575 par
1317 4493 1345 4554 le
1353 4494 1412 4554 leu.

362 4593 397 4649 Et
410 4592 453 4651 lut
467 4588 553 4649 chose
564 4590 676 4667 pitense
690 4592 707 4646 a
722 4588 803 4647 venir
816 4588 839 4645 si
853 4598 936 4665 grant
950 4584 1113 4644 desolaeion
1125 4604 1237 4645 comme
1251 4584 1303 4663 ily
1319 4598 1379 4643 eut.
1398 4609 1412 4635 n

365 4682 520 4759 ottonique
532 4684 569 4739 de
585 4681 770 4750 Nonnundle,
783 4678 801 4737 l.
817 4680 875 4735 lSl
886 4696 911 4735 r.
921 4673 1047 4751 (Editiou
1063 4672 1100 4733 de
1115 4676 1212 4747 1581).
