3892 5892
748 863 1046 953 numoumrus.
1364 857 1422 936 sss

372 1000 556 1072 britonum
576 1000 649 1072 dux
666 1001 713 1072 ad
732 1002 916 1074 servitium
937 1000 1028 1098 regis
1051 1001 1292 1074 transmiserat
1310 1025 1423 1099 usque

370 1117 418 1190 ad
437 1132 613 1190 trecentas
630 1117 769 1190 circiter
784 1117 956 1191 lanceas¹.

420 1233 592 1304 Confecto
615 1246 734 1304 autem
760 1233 905 1331 proelio,
933 1257 1013 1331 spes
1034 1232 1214 1330 animique
1239 1230 1423 1329 burdega-

372 1348 523 1420 lensiom
552 1348 785 1435 cecideruut,
811 1373 895 1420 cum
928 1363 1033 1421 antea
1065 1349 1101 1420 in
1136 1347 1285 1421 audacia
1318 1362 1424 1444 atque

371 1465 548 1538 industria
562 1465 665 1537 ducis
680 1466 832 1537 maxime
851 1463 1088 1538 confiderent.
1110 1464 1211 1536 Unde
1228 1489 1272 1534 eo
1292 1462 1365 1549 sic,
1385 1475 1425 1534 ut

372 1579 630 1675 premisimus,
657 1579 848 1662 exstincto,
883 1577 959 1650 sine
983 1603 1115 1676 magno
1137 1577 1282 1674 negotio
1308 1602 1369 1648 rex
1389 1590 1425 1648 et

373 1694 625 1790 Burdegalam,
651 1708 686 1766 et
708 1694 778 1766 alia
798 1693 941 1766 castella
970 1719 1050 1792 quae
1080 1694 1241 1790 Anglicos
1265 1718 1427 1794 suscepe-

374 1823 466 1898 rant,
480 1809 526 1881 ad
543 1810 763 1882 deditionem
780 1809 910 1904 coegit.
932 1812 975 1880 Et
991 1811 1114 1907 utique
1130 1809 1293 1882 duriores
1309 1810 1429 1882 verisi-

375 1921 504 1994 militer
521 1925 747 1996 conditiones
763 1922 959 2020 burdegala
975 1923 1184 2013 invenisset,
1209 1925 1275 1996 nisi
1301 1925 1425 2022 pestis,

373 2063 452 2136 qua
471 2055 546 2112 tum
573 2039 608 2110 in
632 2041 745 2138 patria
761 2037 821 2110 illa
844 2053 950 2135 atque
972 2039 1077 2110 etiam
1101 2039 1136 2110 in
1165 2039 1321 2112 exercitu
1338 2041 1429 2135 regis

373 2154 551 2240 saeviebat,
568 2179 643 2224 rem
658 2155 831 2230 maturius
845 2153 1003 2252 expediri
1020 2153 1194 2224 suasisset.
1208 2159 1298 2226 Cum
1311 2154 1429 2250 itaque

375 2267 512 2341 lecisset
527 2267 720 2364 burdegala
736 2267 992 2358 deditionem'‚
1006 2266 1204 2364 agitabatur
1221 2269 1314 2339 inter
1327 2272 1431 2340 Fran·

374 2406 502 2454 corum
521 2382 652 2473 duces,
676 2383 705 2454 si
728 2396 874 2480 propter
893 2381 1090 2454 incolarum
1105 2380 1309 2480 perfidiam,
1329 2382 1429 2480 quod

376 2494 446 2584 fide
459 2510 564 2595 rupta
579 2495 743 2591 Anglicos
758 2495 994 2568 advocassent
1007 2511 1042 2568 et
1059 2496 1285 2594 recepissent,
1298 2498 1430 2569 moeuia

376 2635 442 2708 pro
458 2612 614 2685 vindicta
631 2611 726 2684 dirui
741 2609 924 2683 deberent.
944 2612 1052 2698 Quod
1070 2611 1119 2684 ita
1140 2609 1216 2683 fieri
1238 2609 1368 2683 debere
1384 2612 1430 2685 ad

375 2743 549 2800 terrorem
571 2727 726 2801 aliorum
743 2727 888 2825 plurimi
906 2725 1149 2800 decernebant
1168 2741 1275 2824 atque
1304 2751 1434 2801 consu·

375 2841 510 2916 lebant.
535 2841 605 2915 Sed
627 2843 664 2915 in
683 2841 928 2939 benigniorem
951 2858 986 2916 et
1004 2841 1271 2915 clementiorem
1297 2867 1356 2914 rex
1376 2843 1430 2914 in-

376 2957 487 3029 flexus
511 2958 743 3046 sententiam,
774 2956 846 3028 hoc
876 2956 1014 3028 censuit
1040 2956 1185 3029 minime
1212 2955 1428 3029 laciendum.

377 3074 531 3162 Verum,
553 3085 591 3142 ot
608 3071 749 3144 frenum
767 3069 914 3168 aliquod
930 3096 1002 3142 suae
1018 3071 1264 3168 imponeretur
1278 3072 1430 3164 levitati,

375 3187 414 3257 in
430 3210 473 3259 ea
488 3186 630 3257 civitate
644 3184 734 3256 duas
749 3183 988 3272 aedificandas,
1007 3184 1139 3255 civium
1155 3185 1340 3281 impensis,
1355 3210 1433 3259 mu·

376 3299 597 3396 nieudasque
612 3321 711 3371 arces
733 3297 918 3369 constituit
934 3351 944 3388 ,
963 3311 1021 3382 ut,
1042 3297 1070 3366 si
1095 3297 1289 3396 aliquando
1306 3299 1441 3372 infensi*

377 3415 447 3487 loci
461 3413 590 3486 accolae
604 3411 651 3483 de
666 3387 859 3484 invitandis
868 3411 991 3485 denuo
1003 3411 1308 3510 suscipiendisque
1321 3411 1433 3484 bosti-

376 3525 445 3600 bus
461 3529 676 3624 cogitarent,
692 3527 762 3600 tale
780 3525 847 3598 sibi
870 3549 912 3598 ex
931 3524 1141 3623 hujusmodi
1160 3526 1301 3599 arcibus
1318 3529 1433 3600 immi·

377 3660 479 3719 neret
502 3645 652 3743 jugum,
679 3669 700 3716 a
723 3668 797 3743 quo
821 3643 978 3716 cervices
1002 3665 1101 3734 suas,
1126 3641 1433 3740 quemadmodum

376 3759 525 3854 vellent,
546 3761 694 3834 minime
717 3773 863 3858 possent
882 3773 1061 3832 excutere.
1087 3761 1175 3846 Quae
1198 3782 1297 3831 arces
1321 3783 1433 3858 usque

417 3973 446 4028 t.
468 3971 508 4030 Ge
521 3968 571 4029 tait
581 3981 624 4030 est
635 3967 774 4028 confirme
785 3985 839 4047 par
851 3966 975 4028 l’auteur
989 3965 1078 4026 d’une
1094 3967 1182 4047 petite
1195 3966 1355 4046 chronique
1368 3987 1432 4028 ma·

375 4057 502 4116 nuscrite
515 4056 553 4118 de
568 4056 596 4116 la
611 4055 809 4135 bibliotheque
823 4054 861 4114 de
875 4055 1159 4116 sunu-umerisve
1173 4061 1220 4130 (η’
1234 4058 1323 4130 ltus)
1340 4078 1347 4113 ε
1370 4083 1384 4110 ι
1397 4061 1434 4116 tn

376 4165 396 4223 y
416 4159 519 4206 curent
535 4149 577 4208 les
590 4147 740 4228 seigneurs
759 4147 796 4205 de
810 4146 990 4223 ilunaudaye
1004 4158 1033 4204 et
1046 4143 1238 4218 Montauban,
1253 4158 1282 4204 et
1294 4145 1379 4204 oeulx
1396 4145 1432 4206 de

377 4233 441 4291 leur
452 4237 652 4314 compaignie,
671 4237 730 4296 tres
743 4248 828 4315 grant
842 4234 976 4293 bonneur
989 4247 1017 4292 et
1035 4233 1100 4312 plus
1118 4233 1256 4312 quenula
1270 4246 1366 4294 autres
1382 4233 1433 4294 des

377 4321 448 4382 trois
463 4323 605 4386 batailles.
618 4327 655 4382 Et
668 4344 688 4401 y
701 4324 806 4405 gaigna
822 4322 940 4380 messiae
956 4319 1066 4380 Olirier
1080 4319 1186 4380 Gillart
1203 4321 1231 4380 la
1244 4320 1381 4382 muniere
1394 4322 1432 4382 de

376 4409 512 4481 'talebot3
532 4423 561 4469 et
574 4431 613 4470 cn
628 4412 745 4491 general
763 4411 805 4470 les
819 4413 940 4468 Bretons
957 4429 977 4486 y
995 4409 1175 4489 gaigniercnt
1195 4408 1262 4486 cinq
1279 4407 1432 4470 barnem

376 4498 465 4577 qu’ils
477 4499 672 4578 emportlrent
683 4518 722 4558 en
729 4497 890 4576 ltretaigne.
904 4521 919 4548 ι

417 4588 448 4646 2.
469 4589 511 4646 te
524 4587 561 4644 n
579 4583 697 4646 octobre
713 4589 803 4646 1483.
