3892 5892
503 876 541 935 ao
787 873 1047 938 msromauuu
1066 863 1203 937 canon
1222 876 1278 935 vn
1331 952 1338 965 .

549 1002 630 1071 Non
646 1011 767 1073 autem
783 1012 1033 1097 opportunum
1052 1012 1220 1099 putamus
1231 1000 1374 1075 silentio
1386 998 1565 1099 praeterire

499 1113 709 1190 seditiones*
722 1116 806 1189 satis
832 1112 1032 1189 horrendas
1059 1130 1168 1214 atque
1194 1115 1446 1208 exsecrandas,
1473 1140 1564 1215 quas

498 1230 724 1331 plebeiorum
748 1230 861 1321 turbaeg
888 1231 925 1305 in
952 1232 1031 1330 ipsa
1054 1234 1151 1329 regia
1175 1231 1286 1324 urbe,
1310 1246 1503 1331 postquam
1524 1235 1563 1306 in

499 1370 580 1421 cam
609 1347 884 1447 Burgundiones
907 1361 1134 1446 receperant,
1161 1346 1290 1421 rabido
1317 1362 1425 1447 atque
1448 1349 1564 1448 impio

422 1554 425 1559 Ι
467 1456 473 1485 ¹
499 1466 605 1537 nimis
621 1464 982 1539 furoreconcitarunt
997 1479 1034 1537 et
1047 1465 1236 1563 agitaruut.
1253 1466 1433 1565 Imprimis
1449 1467 1564 1539 corni·

500 1595 574 1657 tcm
590 1582 791 1655 Armeniaci
806 1581 877 1655 illic
888 1581 1096 1674 inventum,
1109 1582 1171 1679 qui
1187 1580 1262 1654 dux
1275 1582 1410 1654 militiae
1426 1596 1463 1654 et
1476 1606 1565 1657 con·

498 1696 713 1775 stabularius
745 1697 855 1795 regis,
886 1710 927 1769 ut
956 1698 1211 1796 premisimus,
1243 1712 1337 1790 erat,
1371 1696 1563 1798 abreptum

499 1815 621 1887 lucens
633 1828 669 1887 ct
683 1814 863 1888 insaniens
875 1812 1005 1911 vulgm
1015 1811 1207 1887 crudeliter
1218 1814 1383 1913 peremit.
1398 1818 1471 1888 Nec
1486 1814 1565 1911 ejus

497 1930 635 2007 crudeli
669 1954 758 2003 nece
788 1931 968 2024 contenti,
1000 1925 1047 2002 ab
1072 1930 1204 2027 injuria
1235 1931 1473 2030 quieverunt3
1500 1929 1564 2004 sed

499 2048 609 2147 ipsius
626 2072 760 2147 corpus
776 2046 953 2121 nudatum
966 2048 1004 2119 in
1015 2046 1125 2146 regali
1138 2047 1270 2146 palatio
1285 2072 1393 2147 super
1407 2070 1565 2120 marmo-

499 2186 598 2235 ream
619 2161 798 2237 tabulam¹
817 2177 1034 2261 posueruut,
1053 2178 1102 2254 et,
1121 2163 1279 2237 detracta
1302 2178 1384 2236 cute
1401 2164 1564 2263 corporis

498 2278 711 2352 admodum
729 2281 846 2353 crucis
859 2281 983 2355 Sancti
999 2278 1161 2368 Andreas,
1179 2280 1321 2378 signum
1337 2278 1562 2378 Burgundio·

498 2420 588 2468 num
608 2395 708 2469 carni
721 2420 793 2469 suae
807 2395 1085 2495 impresserunt;
1102 2396 1224 2470 multis
1234 2397 1344 2469 etiam
1362 2396 1562 2494 pugionum

498 2510 627 2585 ictibus
641 2528 749 2611 atque
759 2512 966 2586 vulneribus
980 2514 1143 2587 exanime
1155 2512 1307 2587 cadaver
1321 2509 1563 2586 confoderunt

497 2643 605 2727 atque
628 2631 843 2704 lacerarunt.
861 2633 951 2703 Tum
969 2654 1054 2703 vcro
1077 2629 1233 2705 subinde
1249 2654 1315 2728 pcr
1330 2627 1461 2702 urbem
1485 2628 1560 2701 dis·

497 2770 658 2838 cursare,
678 2745 808 2819 domos
829 2746 1048 2844 irrumpere,
1067 2748 1162 2820 cives
1177 2746 1336 2846 optimos
1351 2759 1461 2843 atque
1484 2743 1561 2817 bo-

497 2863 670 2935 nestiorcs
688 2886 852 2960 quosque
871 2860 918 2935 ad
933 2886 1094 2936 carceres
1109 2860 1252 2935 trahere
1271 2861 1471 2935 Armeniaci
1485 2885 1561 2933 no-

497 2977 617 3069 minis,
632 2976 777 3075 quibus,
789 2976 846 3051 vel
858 2977 988 3076 privati
1004 2978 1080 3051 odii
1095 2978 1230 3071 lurore,
1242 2978 1299 3051 vel
1311 3002 1379 3078 pro
1392 2977 1561 3077 praedicta

496 3091 690 3193 cupiditate
705 3092 833 3167 liberet
848 3092 1030 3191 objectare
1041 3096 1066 3188 ¹,
1088 3110 1125 3168 et
1144 3093 1275 3194 quibus
1297 3092 1478 3191 objectare
1493 3118 1559 3166 vo·

494 3208 660 3305 luissent,
672 3210 793 3301 ferire,
804 3234 946 3303 necare,
961 3211 1152 3286 crudeliter
1164 3213 1338 3305 lacerare,
1349 3209 1560 3284 sicariorum

495 3324 622 3418 turba,
641 3350 686 3401 ex
701 3326 807 3427 plebe
822 3326 993 3401 vilissima
1008 3342 1115 3428 atque
1136 3326 1309 3428 opificum
1331 3325 1559 3399 mercenariis

495 3456 702 3541 aggregata,
729 3468 796 3543 per
824 3443 901 3517 dics
930 3443 1106 3543 plurimos
1138 3469 1214 3517 non
1245 3456 1439 3516 cessamnt.
1464 3440 1559 3515 Nihil

495 3561 593 3633 enim
608 3572 660 3631 est
676 3559 910 3659 popularibus
920 3560 1047 3654 turbis,
1060 3573 1272 3661 potestatem
1286 3584 1330 3633 ac
1345 3557 1558 3633 dominandi

494 3674 676 3749 licentiam
691 3674 768 3749 sine
787 3675 914 3749 ordine
930 3676 1195 3776 arripientibus,
1206 3675 1451 3775 insipientius,
1466 3671 1558 3747 nihil

495 3791 675 3882 stolidius,
695 3790 787 3865 nihil
803 3791 1056 3890 periculosius,
1075 3784 1167 3866 nibil
1183 3792 1340 3892 denique
1362 3789 1553 3865 crudelius.

495 3913 575 3983 Non
591 3910 687 3983 enim
708 3909 855 3981 rationis
864 3908 1001 4005 judicio
1016 3934 1079 3983 seu
1100 3908 1367 4001 moderamine,
1387 3907 1451 3981 sed
1466 3931 1557 4007 quo·

494 4048 651 4125 cumque
661 4026 816 4124 impetus
826 4023 985 4118 duxerit,
997 4024 1172 4118 femntur,
1188 4026 1360 4099 torrentis
1370 4027 1483 4100 instar
1495 4037 1558 4098 aut

494 4144 766 4218 saevissimarum
782 4164 885 4215 more
895 4140 1109 4215 belluarum.
1127 4145 1296 4216 Necvero
1309 4140 1552 4241 pontificibus,

535 4378 565 4433 l.
587 4370 815 4435 Surlatabletlc
826 4366 942 4429 marbre
953 4368 1098 4430 duPalais
1109 4388 1146 4430 en
1157 4368 1268 4431 ludite.
1281 4366 1554 4432 C’ctaitnnblocde

494 4460 621 4537 marbre,
633 4461 716 4541 place
725 4482 766 4523 au
778 4461 851 4521 bont
862 4458 898 4519 de
913 4459 942 4519 la
953 4458 1136 4541 grand’salle.
1158 4504 1163 4509 ·

534 4556 565 4615 2.
584 4552 727 4631 Supplcez
735 4552 932 4611 Armeniacum
944 4570 1042 4609 nomen
1053 4569 1090 4611 en
1099 4550 1281 4632 supprimant
1293 4551 1358 4632 plus
1370 4549 1443 4611 baut
1453 4553 1555 4607 Arme·

495 4642 574 4701 nr'aci
579 4643 710 4702 nominis.
