3892 5892
741 876 850 933 unm
870 876 1072 935 sncunuus.
1273 941 1277 959 ,
1397 882 1436 937 rs

382 1014 533 1107 nectam
543 998 689 1073 sacileac
700 1001 932 1099 frequentera
947 1000 1175 1099 praednnibus
1188 1004 1359 1076 incursari
1368 1029 1436 1103 po-

384 1128 488 1207 terat,·
506 1128 542 1188 et
555 1114 651 1189 culta
665 1130 701 1188 et
714 1115 888 1215 populosa
898 1116 1082 1215 aliquanto
1092 1118 1218 1190 melius
1225 1121 1432 1216 permansit,

380 1228 461 1302 licet
477 1232 585 1324 etiam
601 1229 712 1329 plagis
728 1232 890 1305 maximis
909 1257 1001 1331 saepe
1015 1234 1151 1325 attrita,
1171 1234 1263 1305 utin
1281 1258 1435 1332 sequen-

381 1343 475 1417 tibus
489 1346 617 1419 clarius
631 1346 826 1445 apparebit.

430 1461 592 1534 Vidimus
608 1464 676 1561 ipsi
689 1464 891 1562 Campaniae
903 1465 1010 1536 totius
1020 1464 1236 1537 vastissimos
1245 1488 1361 1562 agros,
1379 1483 1434 1539 to·
1465 1538 1474 1547 ,

381 1576 451 1647 tius
461 1576 594 1668 Belciae,
608 1578 704 1668 Briae,
719 1580 1362 1672 Gastinati,Carnutensis‚Drocensis‚
1372 1584 1435 1653 Ce-

382 1689 585 1762 nomanniae
596 1704 631 1761 et
648 1690 788 1781 Pertici,
809 1689 1060 1763 Veliocassium
1071 1691 1432 1788 scuVulgacinorum,

381 1817 454 1875 tam
464 1806 751 1903 Franciae‚quam
761 1808 1322 1899 Normanniae‚Bellovacensium‚
1335 1810 1434 1881 Cale·

381 1924 547 2013 tensium,
566 1947 589 1996 a
604 1927 765 2022 Sequana
779 1949 891 2023 usque
906 1925 1087 1998 Ambianis
1103 1939 1139 1997 et
1155 1924 1432 2017 subauditum,

381 2037 716 2129 silvanectensium,
747 2042 976 2113 Suessionum
1012 2056 1046 2113 et
1078 2041 1296 2143 Valisiorum
1322 2065 1435 2138 usque

380 2154 591 2229 Loudunum
600 2211 610 2247 ,
630 2170 665 2229 et
689 2156 780 2229 ultra
796 2144 918 2228 versus
933 2157 1159 2235 Hannonium
1173 2160 1195 2245 ¹,
1214 2181 1359 2254 prorsus
1374 2156 1436 2231 de·

380 2285 507 2361 senos,
519 2272 685 2363 incultos,
696 2272 878 2370 squalidos
895 2286 930 2344 et
945 2272 1082 2344 colonis
1099 2270 1265 2361 nudatos,
1281 2272 1435 2347 dumetis

381 2400 416 2457 et
432 2385 530 2459 rubis
547 2388 722 2488 oppletos,
741 2402 846 2484 atque
861 2388 933 2460 illic
950 2388 987 2458 in
1005 2386 1183 2485 plerisque
1200 2385 1342 2486 [terris],
1355 2414 1435 2487 quur

381 2501 427 2573 ad
445 2502 676 2601 proferendas
691 2504 838 2577 arbores
865 2504 1051 2575 feraciores
1075 2503 1266 2592 exsistunt,
1289 2502 1435 2576 arbores

380 2616 416 2687 in
443 2640 579 2690 morem
601 2619 888 2692 densissimorum
912 2618 1081 2691 silvarum
1102 2604 1307 2690 excrevisse.
1326 2618 1435 2715 Cujus

380 2732 540 2830 profecto
556 2736 727 2808 vastitatis
742 2736 887 2834 vestigia
911 2736 948 2807 in
974 2734 1150 2834 plerisque
1172 2733 1278 2824 locis,
1298 2735 1366 2807 nisi
1381 2734 1435 2807 di·

380 2851 463 2924 vina
487 2853 693 2951 propitiatio
720 2853 845 2925 melius
872 2852 1089 2926 consuluerit
1115 2850 1222 2924 rebus
1246 2852 1431 2944 humanis,

381 2967 578 3041 verendum
604 2984 656 3041 est
682 2968 790 3067 longo
815 2992 890 3043 aevo
909 2992 985 3042 esse
1009 2968 1180 3041 duratura
1203 2982 1310 3066 atque
1332 2984 1434 3041 man·

380 3105 473 3155 sura.

428 3198 464 3269 Si
485 3198 572 3295 quid
597 3212 718 3271 autem
746 3212 831 3270 tuuc
860 3199 895 3269 in
925 3197 1031 3269 dictis
1055 3199 1156 3269 terris
1182 3197 1378 3290 coiebatur,
1396 3198 1434 3270 id

380 3313 495 3385 solum
506 3312 613 3386 fiebat
624 3315 660 3385 in
673 3313 810 3385 ambitu
820 3328 855 3385 et
866 3312 1134 3384 continentibus
1142 3312 1431 3405 lociscivitatum,

380 3428 597 3528 oppidorum
623 3454 686 3502 seu
710 3428 954 3518 castellorum,
980 3427 1027 3500 sd
1051 3441 1185 3499 tantum
1211 3426 1431 3519 distantiam,

379 3559 551 3641 quantam
568 3544 614 3617 de
634 3546 723 3617 turri
737 3543 794 3616 vel
810 3542 952 3642 specula
968 3543 1038 3615 alta
1060 3542 1290 3640 speculatoris
1310 3544 1435 3617 oculus

380 3660 567 3758 praedones
579 3662 798 3735 incursantes
809 3660 938 3732 intueri
950 3673 987 3731 et
997 3673 1156 3757 spectare
1166 3659 1358 3757 potuisset3
1372 3661 1434 3757 qui

420 3866 448 3922 t.
472 3890 485 3915 ι
496 3866 512 3921 J
516 3864 551 3922 ‘ni
563 3884 604 3923 vu
617 3862 654 3923 de
667 3884 728 3923 mes
741 3882 862 3943 propres
875 3882 953 3941 yeux
965 3861 1008 3922 les
1021 3872 1114 3920 vastes
1125 3859 1235 3939 pinines
1247 3860 1284 3921 de
1295 3862 1323 3920 is
1332 3860 1434 3921 Cham-

379 3970 484 4030 pngne‚
501 3952 660 4026 delan‘e,
685 3952 724 4011 du
735 3953 873 4023 Gutiuais,
889 3950 929 4010 du
938 3971 1009 4030 pays
1021 3950 1183 4022 charmin,
1200 3948 1383 4025 duDrouais,
1393 3950 1433 4010 du

379 4044 474 4103 Maius
499 4056 527 4103 et
548 4042 589 4103 du
614 4044 742 4117 Peruhe3
756 4044 841 4103 celles
855 4043 894 4103 du
914 4043 1007 4102 Vexin
1020 4041 1142 4119 franceis
1164 4055 1192 4101 et
1210 4041 1363 4117 normand,
1393 4042 1434 4103 dn

379 4132 555 4207 Rauracis,
566 4130 605 4191 du
614 4152 685 4211 pays
698 4132 734 4191 de
748 4136 827 4192 Csux
839 4132 941 4212 depuis
954 4131 982 4190 in
993 4130 1078 4192 Scine
1084 4129 1190 4207 jusque
1198 4150 1264 4189 vers
1274 4131 1392 4191 Amicus
1404 4144 1434 4191 et

379 4223 542 4295 Abbeville,
566 4224 606 4283 du
620 4226 779 4295 Sentissois,
799 4223 838 4284 du
852 4224 1041 4295 Soissonnsis,
1063 4221 1103 4281 du
1118 4222 1225 4296 Volcis,
1250 4234 1279 4281 et
1302 4236 1382 4283 toute
1405 4224 1433 4281 ia

379 4314 495 4371 contrie
512 4312 628 4389 jusqu'i
643 4318 735 4385 Isou,
754 4314 836 4371 voire
855 4315 949 4371 mdme
959 4312 1115 4390 jnsqu'anx
1130 4310 1281 4369 frontium
1300 4311 1339 4370 du
1361 4312 1432 4370 Hai-

379 4400 471 4469 nauit,
486 4414 541 4459 etc.
562 4426 575 4452 n
594 4402 648 4460 J’ai
661 4403 760 4461 missu
775 4402 878 4482 gdnitis
887 4402 1029 4480 plusieurs
1045 4399 1096 4459 des
1109 4412 1213 4459 termes
1226 4398 1263 4459 de
1273 4402 1432 4460 nettecnu-

381 4489 520 4549 mirmion
535 4488 589 4547 mis
603 4492 620 4547 i
633 4489 793 4549 i'accusatis
806 4488 877 4548 dans
891 4489 919 4547 ie
934 4488 1102 4557 manuscrit,
1119 4492 1275 4545 Vennenses
1293 4510 1341 4547 seu
1362 4494 1432 4548 Vul-

380 4583 504 4656 gacincs,
517 4584 725 4655 Beduacerrses,
737 4584 902 4639 Caletenres.
