3892 5892
776 894 886 953 Lmtttt
905 892 1109 955 SECUNDUS.

745 1206 1002 1279 crtt’ttttLtJM
1026 1210 1133 1279 xvtt.

441 1412 588 1483 Quomodo
599 1432 648 1488 per
658 1414 774 1469 Francos
785 1414 869 1471 lerata
881 1416 931 1470 fuit
943 1416 1049 1471 obsidio
1061 1430 1123 1473 ante
1133 1416 1341 1493 compendium,
1353 1432 1450 1494 etpost

701 1504 780 1561 etiam
793 1504 927 1560 obsidium
939 1518 1002 1561 ante
1011 1508 1188 1567 latiniacum.

462 1701 571 1799 Igitur
587 1716 667 1800 post
683 1700 828 1799 longam
850 1701 1078 1777 obsidionem
1094 1703 1329 1804 compendii,
1348 1704 1387 1777 in
1407 1728 1480 1802 qua

412 1816 519 1891 etiam
542 1816 736 1916 aliquando
763 1817 999 1917 personaliter
1021 1820 1135 1893 adsuit
1162 1820 1364 1921 Philippus,
1395 1826 1482 1893 Bura

411 1935 638 2033 gundionum
651 1935 724 2011 dux
737 1936 901 2027 illustris,
915 1961 999 2011 cum
1013 1937 1209 2035 bogiorum
1222 1940 1360 2039 copiis,
1374 1942 1480 2011 Fran·

410 2076 538 2125 corum
556 2052 685 2143 duces,
705 2051 910 2127 contractis
921 2055 1085 2152 undique
1102 2057 1176 2127 suis
1200 2056 1395 2150 militibus,
1412 2054 1480 2128 ob·

411 2193 566 2245 sessores
591 2194 797 2268 expugnare
819 2172 973 2267 aggressi
1000 2184 1109 2264 sunt;
1137 2186 1174 2243 et
1198 2172 1337 2270 impetu
1359 2170 1481 2243 valido

412 2284 511 2375 cum,
525 2284 562 2357 in
579 2283 700 2357 muitis
716 2300 940 2359 armatorum
953 2284 1168 2381 agminibus,
1182 2286 1480 2383 Burgundionum

412 2399 682 2499 Anglorumque
699 2415 813 2472 castro
831 2414 976 2473 strenue
993 2398 1225 2490 invaderent,
1245 2400 1344 2471 caesis
1362 2424 1405 2471 ex
1429 2400 1481 2472 eis

413 2514 596 2613 piurimis,
621 2516 819 2615 fugatisque
839 2517 975 2591 caeteris
997 2517 1192 2614 castrisque
1219 2516 1349 2603 exertis,
1377 2516 1481 2615 oppi-

412 2629 503 2705 dum
523 2632 599 2729 jam
625 2633 765 2707 diutina
790 2633 982 2708 obsidione
1004 2633 1190 2731 fatigatum
1215 2647 1252 2705 et
1273 2656 1415 2707 easstrm
1442 2633 1479 2705 in

412 2771 515 2821 suam
529 2749 605 2845 jam
621 2750 853 2824 restituerunt
867 2748 1071 2823 libertatem
1083 2752 1105 2821 ¹.

462 2868 536 2937 Hac
566 2880 686 2939 nutem
711 2866 908 2965 ignominia
936 2867 1150 2965 jacturaque
1177 2881 1360 2967 suscepta,
1394 2890 1480 2939 cum

412 2981 498 3059 urbs
512 2984 607 3079 regia
625 2984 842 3057 Parisiorum
862 3010 906 3057 ex
923 2984 1056 3057 vicinia
1073 2984 1261 3076 betiniaci,
1277 2981 1403 3083 oppidi
1423 3008 1481 3055 su·

411 3124 478 3198 pra
488 3102 690 3171 Matronam
703 3100 836 3173 flumen
850 3101 929 3188 siti,
943 3101 1066 3174 multis
1075 3100 1279 3175 afficeretur
1288 3100 1476 3192 molestiis,

414 3238 457 3287 ex
472 3229 587 3291 morte
596 3216 699 3289 dictoe
714 3216 888 3291 Jobannae
901 3216 1028 3289 Pnettae
1043 3242 1123 3315 qum
1135 3232 1274 3290 tantum
1284 3242 1347 3289 eos
1362 3232 1479 3289 exter·

414 3347 549 3425 tuerat,
565 3332 713 3453 *vdit
731 3332 865 3405 viribus
881 3347 1078 3430 utcumque
1094 3334 1296 3431 animisque
1312 3334 1477 3432 receptis,

415 3449 652 3525 decreverunt
672 3451 800 3524 urbem
817 3450 1043 3523 infestatione
1062 3450 1147 3523 dicti
1169 3450 1295 3549 oppidi
1311 3450 1476 3523 liberare.

414 3570 548 3642 Contra
563 3568 663 3665 quod
673 3581 789 3641 castra
809 3580 1001 3656 metantes,
1021 3567 1138 3665 ipsum
1152 3565 1270 3640 valida
1289 3565 1480 3639 obsidione

414 3685 616 3758 cinxerunt.
633 3688 788 3781 Eratque
803 3708 959 3783 praesens
970 3684 1008 3754 in
1023 3684 1150 3755 eadem
1161 3682 1233 3753 dux
1250 3680 1477 3774 bethfordiae,

414 3802 477 3899 qui
495 3826 622 3899 regens
645 3825 706 3873 seu
729 3800 868 3873 vicerex
885 3800 1041 3872 Franciae
1059 3824 1127 3898 pro
1151 3799 1349 3895 bogiorum
1367 3799 1480 3898 parti·

414 3919 482 3993 bus
499 3918 697 3994 dicebatur.
720 3920 932 4015 Sategerunt
946 3932 1067 3991 antem
1081 3918 1219 4013 Angiici
1235 3918 1342 3990 variis
1362 3916 1481 3989 modis

414 4060 457 4111 ac
474 4036 771 4112 machinamentis
784 4052 824 4109 ut
842 4038 961 4136 ipsum
979 4034 1155 4136 oppidum
1171 4036 1206 4107 vi
1223 4035 1403 4133 armisque
1419 4058 1481 4107 ex·

416 4168 633 4253 pugnarent,
650 4154 759 4241 saxis,
776 4154 940 4253 petrariis
955 4163 992 4224 et
1007 4152 1196 4225 tormentis
1209 4151 1389 4224 moenibus
1407 4166 1481 4223 tur·

418 4268 588 4367 ribusque
621 4269 973 4370 propugnaculisque
1001 4268 1146 4365 dejectis
1169 4292 1212 4343 ac
1238 4267 1377 4341 dirutis.
1411 4268 1481 4341 Sed

416 4378 493 4455 baec
516 4386 639 4457 omnia
660 4385 697 4457 in
722 4386 862 4457 irritum
889 4384 1025 4458 eisdem
1043 4399 1238 4459 cesserunt.
1265 4388 1482 4483 Quanquam

459 4653 489 4710 t.
511 4652 553 4709 Le
568 4650 607 4706 28
624 4648 742 4709 octobre
755 4653 844 4711 1430.
