3892 5892
705 899 814 965 um
832 898 1016 973 outrwt.

698 1162 953 1233 cernuum
974 1164 1017 1235 n.
1104 1262 1106 1271 Ι

353 1348 508 1418 Quomodo,
518 1298 638 1411 ieoundo
648 1366 719 1401 anno
732 1337 881 1431 treugnmm
893 1389 900 1415 ,
916 1367 962 1401 rex
972 1349 1138 1411 Francorum
1152 1368 1213 1413 cum
1226 1362 1282 1413 tot·
1294 1354 1385 1419 militia

602 1436 677 1507 regul
690 1434 717 1489 ln
730 1435 928 1508 lothminginm
941 1450 979 1490 eet
989 1437 1132 1509 proiectus.

392 1596 461 1675 Sed
477 1586 639 1697 proiecto
654 1596 693 1669 in
704 1585 857 1693 ‘tongum
874 1620 996 1679 rorum
1015 1597 1257 1677 humanarum
1274 1601 1401 1675 inoon-

345 1726 441 1793 etane
462 1736 603 1811 semper
626 1710 779 1787 uarietas
802 1712 962 1809 quietem
988 1726 1124 1793 tantam
1153 1714 1301 1795 rullerre
1325 1742 1402 1793 non

345 1828 474 1933 potuit.
493 1832 583 1904 Nam
606 1850 703 1905 anuo
725 1850 840 1927 prope
860 1825 1014 1901 decurso
1029 1852 1071 1911 oa
1089 1853 1164 1926 quo
1180 1844 1312 1929 treuge
1334 1834 1402 1913 ini·

346 1946 438 2027 tialur
461 1944 623 2037 fuerant,
646 1942 795 2026 Carolus
819 1967 899 2033 rex,
924 1942 1076 2020 collecta
1097 1946 1251 2028 maxima
1270 1948 1404 2029 dueum

347 2087 496 2141 auorum
522 2074 560 2139 et
582 2074 804 2137 amatorum
831 2058 1082 2153 multitudine,
1106 2063 1146 2141 in
1167 2064 1298 2159 quibus
1322 2082 1406 2141 ante

347 2193 508 2275 treugam
531 2190 568 2249 et
594 2172 849 2259 effervescente
866 2199 1075 2271 guerrmm
1100 2190 1307 2275 tempestate
1332 2206 1407 2255 nu-

348 2318 468 2370 merus
483 2306 590 2389 atque
606 2289 698 2366 ordo
717 2304 753 2365 et
768 2290 957 2388 disciplina
971 2290 1151 2385 militaris,
1166 2307 1227 2367 eut
1240 2296 1330 2385 rari,
1347 2313 1409 2369 out

350 2432 451 2506 paene
468 2405 557 2483 nulli
571 2406 704 2486 serrati
719 2404 879 2498 fuerant,
898 2404 988 2484 fines
1003 2406 1215 2483 Metensium
1230 2422 1268 2481 ot
1334 2410 1411 2483 tha·

350 2524 472 2619 ringiae
497 2518 597 2603 adire
619 2522 841 2598 constitutit
860 2520 1129 2601 Suadebat-hoe
1153 2522 1221 2599 obl
1240 2528 1407 2615 lienatue,

350 2663 410 2715 rex
431 2636 577 2730 Siciliae,
596 2635 891 2732 tndegavorum,
917 2638 1142 2719 Barreneium
1163 2653 1199 2711 et
1224 2640 1412 2717 lothum-

351 2755 415 2857 gie
437 2754 533 2847 dux,
557 2756 660 2853 eujus
682 2752 721 2830 iu
747 2754 1000 2842 matrimonio,
1031 2769 1070 2833 ut
1097 2780 1206 2853 supra
1233 2756 1407 2851 diximus,

350 2869 509 2952 habebat
522 2892 698 2960 sororem,
720 2883 762 2949 ut
777 2870 988 2946 Metensium
1002 2866 1099 2949 illam
1114 2870 1289 2966 insignem
1304 2889 1412 2971 atque

352 2986 502 3066 liberam
525 2985 674 3081 urbem,
703 2984 835 3064 auxilio
860 2983 1023 3081 ejusdem
1039 2986 1176 3075 Caroli,
1201 3012 1274 3064 aure
1297 2989 1412 3064 iucem

353 3118 473 3202 posset
488 3102 653 3190 ditionis,
673 3116 758 3194 aut,
777 3099 870 3178 eiad
891 3100 963 3174 hoc
980 3101 1127 3181 minime
1143 3104 1412 3202 perueniredu-

354 3233 464 3311 retur,
476 3217 602 3296 saltem
610 3218 815 3299 cautionem
827 3214 1022 3313 quamdam
1032 3240 1166 3312 magnae
1178 3222 1411 3317 pecuniarum

355 3358 517 3422 summae,
538 3356 661 3429 quam,
688 3329 734 3403 ab
758 3331 811 3403 eie
826 3344 975 3427 accepto
996 3345 1141 3421 mutuo,
1162 3332 1237 3429 ipse
1262 3333 1408 3427 fecerat,

356 3449 444 3525 dum
462 3472 484 3529 a
500 3446 667 3527 manibus
685 3444 787 3525 ducis
810 3442 1124 3542 Burgundionum,
1143 3468 1163 3517 a
1179 3469 1253 3541 quo
1270 3446 1413 3525 detine·-

356 3563 476 3649 batur,
502 3586 543 3637 se
563 3559 705 3639 redimit
722 3572 831 3659 atque
851 3557 1036 3651 liberavit,
1062 3558 1110 3635 ult
1124 3559 1260 3635 eisdem
1277 3562 1415 3641 civibus

357 3678 492 3759 viribus
504 3699 655 3756 auctum
668 3675 840 3775 reciperet
856 3690 893 3751 et
903 3691 1140 3774 recuperaret.
1154 3678 1302 3776 Semper
1315 3679 1412 3760 euim

358 3796 518 3879 inridere
535 3794 652 3870 solent
667 3791 809 3889 tyranni
826 3790 1001 3883 libertati,
1019 3793 1131 3891 quieti
1146 3808 1182 3867 et
1194 3794 1337 3895 justitiae
1350 3820 1413 3894 po·

359 3913 547 4016 polorum3
565 3908 664 4013 quod
679 3908 730 3985 illi
746 3908 872 4011 optimi
888 3910 983 3987 cives
996 3910 1182 4001 metenses,
1200 3934 1242 3985 ea
1258 3926 1414 4011 tempor-

361 4045 452 4123 tate,
468 4032 623 4110 maximo
641 4053 707 4105 suo
722 4027 958 4107 incommodo
980 4030 1114 4129 experti
1140 4028 1295 4107 tuemur.
1324 4034 1413 4105 Nam

362 4144 398 4217 in
412 4171 539 4221 eorum
553 4148 647 4245 agris
659 4160 767 4242 atque
779 4146 1034 4242 moaringiae,
1052 4147 1114 4243 qui
1128 4162 1204 4225 tum
1217 4146 1415 4245 praedivites

362 4274 398 4332 et
421 4259 616 4361 locupletes
638 4277 762 4353 erant,
787 4264 951 4339 omnium
970 4261 1274 4361 affluenteseopia
1296 4263 1414 4343 bono-

363 4400 465 4467 rum,
497 4401 581 4456 cum
607 4378 716 4456 effusa
744 4377 866 4455 suisset
890 4377 950 4451 illa
973 4382 1193 4459 Francorum
1215 4380 1416 4459 inordinate

406 4621 435 4677 t.
459 4614 502 4678 En
516 4612 678 4696 septembre
691 4617 781 4690 4444,
794 4614 949 4677 troiemoie
960 4615 1214 4697 murmuro
1225 4618 1252 4677 lu
1267 4620 1357 4683 treve.
