<?xml version="1.0" encoding="UTF-8"?>
<!DOCTYPE html PUBLIC "-//W3C//DTD XHTML 1.0 Transitional//EN"
    "http://www.w3.org/TR/xhtml1/DTD/xhtml1-transitional.dtd">
<html xmlns="http://www.w3.org/1999/xhtml" xml:lang="en" lang="en">
 <head>
  <title>
</title>
<meta http-equiv="Content-Type" content="text/html;charset=utf-8" />
  <meta name='ocr-system' content='tesseract 3.04.00' />
  <meta name='ocr-capabilities' content='ocr_page ocr_carea ocr_par ocr_line ocrx_word'/>
</head>
<body>
  <div class='ocr_page' id='page_1' title='image "./histoiredesrgne01amelgoog_0374.png"; bbox 0 0 3892 5892; ppageno 0'>
   <div class='ocr_carea' id='block_1_1' title="bbox 536 876 1298 951">
    <p class='ocr_par' dir='ltr' id='par_1_1' title="bbox 536 876 1298 951">
     <span class='ocr_line' id='line_1_1' title="bbox 536 876 1298 951; baseline -0.005 -4"><span class='ocrx_word' id='word_1_1' title='bbox 536 890 593 947; x_wconf 81' lang='lat' dir='ltr'><strong>trs</strong></span> <span class='ocrx_word' id='word_1_2' title='bbox 817 886 1071 951; x_wconf 72' lang='lat' dir='ltr'><strong>sternumenta</strong></span> <span class='ocrx_word' id='word_1_3' title='bbox 1091 886 1225 943; x_wconf 78' lang='lat' dir='ltr'><strong>cauom</strong></span> <span class='ocrx_word' id='word_1_4' title='bbox 1245 876 1298 943; x_wconf 81' lang='lat' dir='ltr'><strong>vn</strong></span> 
     </span>
    </p>
   </div>
   <div class='ocr_carea' id='block_1_2' title="bbox 492 1006 1589 4693">
    <p class='ocr_par' dir='ltr' id='par_1_2' title="bbox 492 1006 1589 2143">
     <span class='ocr_line' id='line_1_2' title="bbox 534 1006 1588 1106; baseline -0.001 -23"><span class='ocrx_word' id='word_1_5' title='bbox 534 1014 627 1085; x_wconf 77' lang='lat' dir='ltr'><strong>forte</strong></span> <span class='ocrx_word' id='word_1_6' title='bbox 653 1011 710 1083; x_wconf 78' lang='lat' dir='ltr'><strong>vel</strong></span> <span class='ocrx_word' id='word_1_7' title='bbox 739 1032 924 1106; x_wconf 89' lang='lat' dir='ltr'><strong>nunquam</strong></span> <span class='ocrx_word' id='word_1_8' title='bbox 953 1007 1011 1104; x_wconf 19' lang='lat' dir='ltr'><strong>&#39;vel</strong></span> <span class='ocrx_word' id='word_1_9' title='bbox 1035 1009 1094 1080; x_wconf 84' lang='lat' dir='ltr'><strong>vix</strong></span> <span class='ocrx_word' id='word_1_10' title='bbox 1118 1010 1155 1079; x_wconf 91' lang='lat' dir='ltr'><strong>in</strong></span> <span class='ocrx_word' id='word_1_11' title='bbox 1176 1006 1295 1079; x_wconf 88' lang='lat' dir='ltr'><strong>multis</strong></span> <span class='ocrx_word' id='word_1_12' title='bbox 1318 1008 1454 1081; x_wconf 74' lang='lat' dir='ltr'><strong>sarculis</strong></span> <span class='ocrx_word' id='word_1_13' title='bbox 1479 1009 1588 1093; x_wconf 83' lang='lat' dir='ltr'><strong>semel</strong></span> 
     </span>
     <span class='ocr_line' id='line_1_3' title="bbox 534 1122 1589 1223; baseline -0.007 -23"><span class='ocrx_word' id='word_1_14' title='bbox 534 1127 736 1223; x_wconf 84' lang='lat' dir='ltr'><strong>continget,</strong></span> <span class='ocrx_word' id='word_1_15' title='bbox 756 1140 853 1209; x_wconf 81' lang='lat' dir='ltr'><strong>certa</strong></span> <span class='ocrx_word' id='word_1_16' title='bbox 868 1149 907 1197; x_wconf 90' lang='lat' dir='ltr'><strong>se</strong></span> <span class='ocrx_word' id='word_1_17' title='bbox 921 1148 963 1197; x_wconf 90' lang='lat' dir='ltr'><strong>ac</strong></span> <span class='ocrx_word' id='word_1_18' title='bbox 983 1124 1132 1223; x_wconf 89' lang='lat' dir='ltr'><strong>perenni</strong></span> <span class='ocrx_word' id='word_1_19' title='bbox 1150 1123 1294 1196; x_wconf 86' lang='lat' dir='ltr'><strong>miseria</strong></span> <span class='ocrx_word' id='word_1_20' title='bbox 1315 1126 1423 1220; x_wconf 85' lang='lat' dir='ltr'><strong>atque</strong></span> <span class='ocrx_word' id='word_1_21' title='bbox 1439 1122 1589 1195; x_wconf 81' lang='lat' dir='ltr'><strong>infelici-</strong></span> 
     </span>
     <span class='ocr_line' id='line_1_4' title="bbox 534 1230 1588 1334; baseline -0.002 -19"><span class='ocrx_word' id='word_1_22' title='bbox 534 1250 605 1315; x_wconf 79' lang='lat' dir='ltr'><strong>tate</strong></span> <span class='ocrx_word' id='word_1_23' title='bbox 626 1240 715 1315; x_wconf 86' lang='lat' dir='ltr'><strong>velle</strong></span> <span class='ocrx_word' id='word_1_24' title='bbox 740 1239 897 1326; x_wconf 89' lang='lat' dir='ltr'><strong>demere,</strong></span> <span class='ocrx_word' id='word_1_25' title='bbox 926 1261 1063 1334; x_wconf 79' lang='lat' dir='ltr'><strong>magne</strong></span> <span class='ocrx_word' id='word_1_26' title='bbox 1080 1250 1133 1309; x_wconf 89' lang='lat' dir='ltr'><strong>est</strong></span> <span class='ocrx_word' id='word_1_27' title='bbox 1151 1236 1317 1311; x_wconf 77' lang='lat' dir='ltr'><strong>stulutiae.</strong></span> <span class='ocrx_word' id='word_1_28' title='bbox 1338 1242 1416 1309; x_wconf 88' lang='lat' dir='ltr'><strong>Hoc</strong></span> <span class='ocrx_word' id='word_1_29' title='bbox 1436 1230 1511 1311; x_wconf 86' lang='lat' dir='ltr'><strong>non</strong></span> <span class='ocrx_word' id='word_1_30' title='bbox 1528 1240 1588 1313; x_wconf 86' lang='lat' dir='ltr'><strong>ia-</strong></span> 
     </span>
     <span class='ocr_line' id='line_1_5' title="bbox 533 1350 1586 1451; baseline 0.001 -24"><span class='ocrx_word' id='word_1_31' title='bbox 533 1357 633 1428; x_wconf 90' lang='lat' dir='ltr'><strong>ciunt</strong></span> <span class='ocrx_word' id='word_1_32' title='bbox 652 1379 719 1427; x_wconf 90' lang='lat' dir='ltr'><strong>nec</strong></span> <span class='ocrx_word' id='word_1_33' title='bbox 739 1379 887 1451; x_wconf 83' lang='lat' dir='ltr'><strong>regnum</strong></span> <span class='ocrx_word' id='word_1_34' title='bbox 912 1350 1065 1449; x_wconf 80' lang='lat' dir='ltr'><strong>xngtiae,</strong></span> <span class='ocrx_word' id='word_1_35' title='bbox 1093 1352 1149 1425; x_wconf 83' lang='lat' dir='ltr'><strong>vel</strong></span> <span class='ocrx_word' id='word_1_36' title='bbox 1171 1350 1231 1423; x_wconf 90' lang='lat' dir='ltr'><strong>alii</strong></span> <span class='ocrx_word' id='word_1_37' title='bbox 1258 1374 1350 1449; x_wconf 84' lang='lat' dir='ltr'><strong>quos</strong></span> <span class='ocrx_word' id='word_1_38' title='bbox 1368 1355 1586 1428; x_wconf 81' lang='lat' dir='ltr'><strong>Francorum</strong></span> 
     </span>
     <span class='ocr_line' id='line_1_6' title="bbox 492 1467 1587 1569; baseline -0.005 -25"><span class='ocrx_word' id='word_1_39' title='bbox 492 1504 496 1511; x_wconf 95' lang='lat'><em>·</em></span> <span class='ocrx_word' id='word_1_40' title='bbox 533 1496 595 1544; x_wconf 90' lang='lat' dir='ltr'><strong>rex</strong></span> <span class='ocrx_word' id='word_1_41' title='bbox 616 1468 684 1542; x_wconf 92' lang='lat' dir='ltr'><strong>sibi</strong></span> <span class='ocrx_word' id='word_1_42' title='bbox 703 1484 844 1569; x_wconf 88' lang='lat' dir='ltr'><strong>reputat</strong></span> <span class='ocrx_word' id='word_1_43' title='bbox 865 1467 1006 1552; x_wconf 89' lang='lat' dir='ltr'><strong>hostes,</strong></span> <span class='ocrx_word' id='word_1_44' title='bbox 1024 1468 1105 1564; x_wconf 90' lang='lat' dir='ltr'><strong>qui,</strong></span> <span class='ocrx_word' id='word_1_45' title='bbox 1124 1481 1272 1566; x_wconf 87' lang='lat' dir='ltr'><strong>propter</strong></span> <span class='ocrx_word' id='word_1_46' title='bbox 1287 1480 1422 1554; x_wconf 80' lang='lat' dir='ltr'><strong>ructum</strong></span> <span class='ocrx_word' id='word_1_47' title='bbox 1436 1472 1587 1539; x_wconf 87' lang='lat' dir='ltr'><strong>Franco-</strong></span> 
     </span>
     <span class='ocr_line' id='line_1_7' title="bbox 533 1579 1588 1678; baseline -0.006 -19"><span class='ocrx_word' id='word_1_48' title='bbox 533 1610 627 1678; x_wconf 88' lang='lat' dir='ltr'><strong>rum,</strong></span> <span class='ocrx_word' id='word_1_49' title='bbox 638 1608 713 1655; x_wconf 91' lang='lat' dir='ltr'><strong>non</strong></span> <span class='ocrx_word' id='word_1_50' title='bbox 725 1608 763 1656; x_wconf 87' lang='lat' dir='ltr'><strong>sc</strong></span> <span class='ocrx_word' id='word_1_51' title='bbox 775 1581 1010 1677; x_wconf 88' lang='lat' dir='ltr'><strong>subditosque</strong></span> <span class='ocrx_word' id='word_1_52' title='bbox 1024 1603 1108 1652; x_wconf 87' lang='lat' dir='ltr'><strong>suos</strong></span> <span class='ocrx_word' id='word_1_53' title='bbox 1118 1580 1189 1655; x_wconf 89' lang='lat' dir='ltr'><strong>hac</strong></span> <span class='ocrx_word' id='word_1_54' title='bbox 1202 1580 1400 1653; x_wconf 83' lang='lat' dir='ltr'><strong>calamitate</strong></span> <span class='ocrx_word' id='word_1_55' title='bbox 1414 1579 1588 1653; x_wconf 89' lang='lat' dir='ltr'><strong>condem·</strong></span> 
     </span>
     <span class='ocr_line' id='line_1_8' title="bbox 532 1695 1586 1792; baseline -0.003 -20"><span class='ocrx_word' id='word_1_56' title='bbox 532 1714 642 1792; x_wconf 90' lang='lat' dir='ltr'><strong>nant,</strong></span> <span class='ocrx_word' id='word_1_57' title='bbox 658 1714 700 1770; x_wconf 90' lang='lat' dir='ltr'><strong>ut</strong></span> <span class='ocrx_word' id='word_1_58' title='bbox 719 1697 766 1771; x_wconf 89' lang='lat' dir='ltr'><strong>ad</strong></span> <span class='ocrx_word' id='word_1_59' title='bbox 783 1696 1010 1770; x_wconf 88' lang='lat' dir='ltr'><strong>tolerandum</strong></span> <span class='ocrx_word' id='word_1_60' title='bbox 1027 1709 1062 1769; x_wconf 92' lang='lat' dir='ltr'><strong>et</strong></span> <span class='ocrx_word' id='word_1_61' title='bbox 1080 1695 1328 1769; x_wconf 87' lang='lat' dir='ltr'><strong>sustinendum</strong></span> <span class='ocrx_word' id='word_1_62' title='bbox 1347 1709 1482 1768; x_wconf 86' lang='lat' dir='ltr'><strong>tantam</strong></span> <span class='ocrx_word' id='word_1_63' title='bbox 1499 1720 1586 1771; x_wconf 89' lang='lat' dir='ltr'><strong>con·</strong></span> 
     </span>
     <span class='ocr_line' id='line_1_9' title="bbox 532 1802 1586 1910; baseline 0 -24"><span class='ocrx_word' id='word_1_64' title='bbox 532 1814 717 1886; x_wconf 79' lang='lat' dir='ltr'><strong>ductitium</strong></span> <span class='ocrx_word' id='word_1_65' title='bbox 733 1812 909 1901; x_wconf 83' lang='lat' dir='ltr'><strong>militiam,</strong></span> <span class='ocrx_word' id='word_1_66' title='bbox 921 1810 1026 1882; x_wconf 88' lang='lat' dir='ltr'><strong>simul</strong></span> <span class='ocrx_word' id='word_1_67' title='bbox 1038 1835 1122 1883; x_wconf 91' lang='lat' dir='ltr'><strong>cum</strong></span> <span class='ocrx_word' id='word_1_68' title='bbox 1134 1810 1274 1883; x_wconf 87' lang='lat' dir='ltr'><strong>tributis</strong></span> <span class='ocrx_word' id='word_1_69' title='bbox 1284 1812 1377 1910; x_wconf 86' lang='lat' dir='ltr'><strong>(quae</strong></span> <span class='ocrx_word' id='word_1_70' title='bbox 1391 1802 1586 1886; x_wconf 88' lang='lat' dir='ltr'><strong>necessaria</strong></span> 
     </span>
     <span class='ocr_line' id='line_1_10' title="bbox 532 1927 1585 2028; baseline -0.004 -25"><span class='ocrx_word' id='word_1_71' title='bbox 532 1930 673 2027; x_wconf 76' lang='lat' dir='ltr'>sequela</span> <span class='ocrx_word' id='word_1_72' title='bbox 686 1944 723 2002; x_wconf 92' lang='lat' dir='ltr'><strong>et</strong></span> <span class='ocrx_word' id='word_1_73' title='bbox 739 1927 986 2028; x_wconf 84' lang='lat' dir='ltr'><strong>inseparabilis</strong></span> <span class='ocrx_word' id='word_1_74' title='bbox 1003 1927 1049 2001; x_wconf 89' lang='lat' dir='ltr'><strong>ad</strong></span> <span class='ocrx_word' id='word_1_75' title='bbox 1067 1927 1201 2001; x_wconf 88' lang='lat' dir='ltr'><strong>dictam</strong></span> <span class='ocrx_word' id='word_1_76' title='bbox 1218 1928 1378 2001; x_wconf 88' lang='lat' dir='ltr'><strong>militiam</strong></span> <span class='ocrx_word' id='word_1_77' title='bbox 1391 1929 1585 2025; x_wconf 82' lang='lat' dir='ltr'><strong>exsistunt)</strong></span> 
     </span>
     <span class='ocr_line' id='line_1_11' title="bbox 532 2044 1111 2143; baseline -0.003 -25"><span class='ocrx_word' id='word_1_78' title='bbox 532 2071 607 2118; x_wconf 87' lang='lat' dir='ltr'><strong>sese</strong></span> <span class='ocrx_word' id='word_1_79' title='bbox 623 2070 779 2143; x_wconf 90' lang='lat' dir='ltr'><strong>suosque</strong></span> <span class='ocrx_word' id='word_1_80' title='bbox 795 2045 974 2117; x_wconf 82' lang='lat' dir='ltr'><strong>adducere</strong></span> <span class='ocrx_word' id='word_1_81' title='bbox 989 2044 1111 2116; x_wconf 86' lang='lat' dir='ltr'><strong>velint.</strong></span> 
     </span>
    </p>

    <p class='ocr_par' dir='ltr' id='par_1_3' title="bbox 523 2160 1586 4427">
     <span class='ocr_line' id='line_1_12' title="bbox 579 2160 1586 2260; baseline 0 -27"><span class='ocrx_word' id='word_1_82' title='bbox 579 2162 649 2234; x_wconf 85' lang='lat' dir='ltr'><strong>Sed</strong></span> <span class='ocrx_word' id='word_1_83' title='bbox 666 2161 796 2234; x_wconf 90' lang='lat' dir='ltr'><strong>dehac</strong></span> <span class='ocrx_word' id='word_1_84' title='bbox 814 2160 963 2257; x_wconf 88' lang='lat' dir='ltr'><strong>quidem</strong></span> <span class='ocrx_word' id='word_1_85' title='bbox 982 2162 1130 2233; x_wconf 82' lang='lat' dir='ltr'><strong>materia</strong></span> <span class='ocrx_word' id='word_1_86' title='bbox 1151 2162 1278 2235; x_wconf 85' lang='lat' dir='ltr'><strong>sentiet</strong></span> <span class='ocrx_word' id='word_1_87' title='bbox 1300 2162 1450 2260; x_wconf 89' lang='lat' dir='ltr'><strong>quisquc</strong></span> <span class='ocrx_word' id='word_1_88' title='bbox 1477 2176 1586 2258; x_wconf 89' lang='lat' dir='ltr'><strong>prout</strong></span> 
     </span>
     <span class='ocr_line' id='line_1_13' title="bbox 531 2276 1585 2373; baseline 0.003 -28"><span class='ocrx_word' id='word_1_89' title='bbox 531 2277 642 2370; x_wconf 88' lang='lat' dir='ltr'><strong>volet;</strong></span> <span class='ocrx_word' id='word_1_90' title='bbox 657 2292 780 2349; x_wconf 84' lang='lat' dir='ltr'><strong>nostra</strong></span> <span class='ocrx_word' id='word_1_91' title='bbox 795 2300 881 2348; x_wconf 86' lang='lat' dir='ltr'><strong>vcro</strong></span> <span class='ocrx_word' id='word_1_92' title='bbox 898 2277 1073 2349; x_wconf 88' lang='lat' dir='ltr'><strong>sententia</strong></span> <span class='ocrx_word' id='word_1_93' title='bbox 1089 2292 1154 2370; x_wconf 89' lang='lat' dir='ltr'><strong>est,</strong></span> <span class='ocrx_word' id='word_1_94' title='bbox 1170 2301 1279 2373; x_wconf 88' lang='lat' dir='ltr'><strong>quam</strong></span> <span class='ocrx_word' id='word_1_95' title='bbox 1294 2276 1459 2349; x_wconf 84' lang='lat' dir='ltr'><strong>diximus.</strong></span> <span class='ocrx_word' id='word_1_96' title='bbox 1478 2277 1585 2373; x_wconf 90' lang='lat' dir='ltr'><strong>Cujus</strong></span> 
     </span>
     <span class='ocr_line' id='line_1_14' title="bbox 530 2390 1585 2489; baseline -0.004 -24"><span class='ocrx_word' id='word_1_97' title='bbox 530 2418 614 2465; x_wconf 89' lang='lat' dir='ltr'><strong>cum</strong></span> <span class='ocrx_word' id='word_1_98' title='bbox 630 2394 850 2465; x_wconf 83' lang='lat' dir='ltr'><strong>contrarium</strong></span> <span class='ocrx_word' id='word_1_99' title='bbox 865 2390 1063 2465; x_wconf 86' lang='lat' dir='ltr'><strong>admodum</strong></span> <span class='ocrx_word' id='word_1_100' title='bbox 1081 2393 1239 2489; x_wconf 87' lang='lat' dir='ltr'><strong>tyrannis</strong></span> <span class='ocrx_word' id='word_1_101' title='bbox 1256 2407 1397 2489; x_wconf 83' lang='lat' dir='ltr'><strong>gratum</strong></span> <span class='ocrx_word' id='word_1_102' title='bbox 1414 2393 1457 2463; x_wconf 89' lang='lat' dir='ltr'><strong>slt</strong></span> <span class='ocrx_word' id='word_1_103' title='bbox 1474 2406 1510 2463; x_wconf 91' lang='lat' dir='ltr'><strong>et</strong></span> <span class='ocrx_word' id='word_1_104' title='bbox 1523 2414 1585 2461; x_wconf 93' lang='lat' dir='ltr'><strong>cu·</strong></span> 
     </span>
     <span class='ocr_line' id='line_1_15' title="bbox 531 2500 1585 2607; baseline -0.002 -28"><span class='ocrx_word' id='word_1_105' title='bbox 531 2509 670 2607; x_wconf 87' lang='lat' dir='ltr'><strong>pitum,</strong></span> <span class='ocrx_word' id='word_1_106' title='bbox 695 2501 837 2605; x_wconf 85' lang='lat' dir='ltr'><strong>taleque</strong></span> <span class='ocrx_word' id='word_1_107' title='bbox 861 2506 1052 2579; x_wconf 90' lang='lat' dir='ltr'><strong>consilium</strong></span> <span class='ocrx_word' id='word_1_108' title='bbox 1074 2506 1121 2579; x_wconf 89' lang='lat' dir='ltr'><strong>ab</strong></span> <span class='ocrx_word' id='word_1_109' title='bbox 1137 2508 1180 2579; x_wconf 88' lang='lat' dir='ltr'><strong>iis</strong></span> <span class='ocrx_word' id='word_1_110' title='bbox 1197 2508 1259 2606; x_wconf 93' lang='lat' dir='ltr'><strong>qui</strong></span> <span class='ocrx_word' id='word_1_111' title='bbox 1278 2532 1323 2579; x_wconf 87' lang='lat' dir='ltr'><strong>ex</strong></span> <span class='ocrx_word' id='word_1_112' title='bbox 1347 2508 1416 2578; x_wconf 87' lang='lat' dir='ltr'><strong>hac</strong></span> <span class='ocrx_word' id='word_1_113' title='bbox 1442 2500 1585 2604; x_wconf 85' lang='lat' dir='ltr'><strong>publica</strong></span> 
     </span>
     <span class='ocr_line' id='line_1_16' title="bbox 529 2621 1586 2723; baseline -0.002 -28"><span class='ocrx_word' id='word_1_114' title='bbox 529 2622 728 2695; x_wconf 89' lang='lat' dir='ltr'><strong>calamitate</strong></span> <span class='ocrx_word' id='word_1_115' title='bbox 759 2621 974 2722; x_wconf 89' lang='lat' dir='ltr'><strong>compendia</strong></span> <span class='ocrx_word' id='word_1_116' title='bbox 1001 2624 1180 2721; x_wconf 90' lang='lat' dir='ltr'><strong>accipiunt</strong></span> <span class='ocrx_word' id='word_1_117' title='bbox 1205 2623 1291 2723; x_wconf 88' lang='lat' dir='ltr'><strong>(qui</strong></span> <span class='ocrx_word' id='word_1_118' title='bbox 1318 2646 1449 2721; x_wconf 85' lang='lat' dir='ltr'><strong>magno</strong></span> <span class='ocrx_word' id='word_1_119' title='bbox 1480 2622 1586 2693; x_wconf 89' lang='lat' dir='ltr'><strong>nimis</strong></span> 
     </span>
     <span class='ocr_line' id='line_1_17' title="bbox 530 2737 1581 2833; baseline 0 -24"><span class='ocrx_word' id='word_1_120' title='bbox 530 2762 681 2811; x_wconf 89' lang='lat' dir='ltr'><strong>numero</strong></span> <span class='ocrx_word' id='word_1_121' title='bbox 715 2738 837 2833; x_wconf 82' lang='lat' dir='ltr'><strong>sunt),</strong></span> <span class='ocrx_word' id='word_1_122' title='bbox 866 2737 996 2832; x_wconf 82' lang='lat' dir='ltr'><strong>jugiter</strong></span> <span class='ocrx_word' id='word_1_123' title='bbox 1034 2762 1159 2810; x_wconf 89' lang='lat' dir='ltr'><strong>eorum</strong></span> <span class='ocrx_word' id='word_1_124' title='bbox 1192 2739 1338 2811; x_wconf 84' lang='lat' dir='ltr'><strong>auribus</strong></span> <span class='ocrx_word' id='word_1_125' title='bbox 1375 2737 1581 2831; x_wconf 86' lang='lat' dir='ltr'><strong>instilletur,</strong></span> 
     </span>
     <span class='ocr_line' id='line_1_18' title="bbox 531 2852 1583 2953; baseline 0.001 -29"><span class='ocrx_word' id='word_1_126' title='bbox 531 2869 569 2925; x_wconf 91' lang='lat' dir='ltr'><strong>ut</strong></span> <span class='ocrx_word' id='word_1_127' title='bbox 586 2853 751 2940; x_wconf 82' lang='lat' dir='ltr'><strong>diximus,</strong></span> <span class='ocrx_word' id='word_1_128' title='bbox 765 2876 840 2923; x_wconf 91' lang='lat' dir='ltr'><strong>non</strong></span> <span class='ocrx_word' id='word_1_129' title='bbox 857 2875 1053 2949; x_wconf 89' lang='lat' dir='ltr'><strong>speramus,</strong></span> <span class='ocrx_word' id='word_1_130' title='bbox 1075 2852 1120 2924; x_wconf 91' lang='lat' dir='ltr'><strong>de</strong></span> <span class='ocrx_word' id='word_1_131' title='bbox 1143 2854 1217 2925; x_wconf 86' lang='lat' dir='ltr'><strong>vita</strong></span> <span class='ocrx_word' id='word_1_132' title='bbox 1239 2878 1365 2926; x_wconf 89' lang='lat' dir='ltr'><strong>eorum</strong></span> <span class='ocrx_word' id='word_1_133' title='bbox 1381 2854 1444 2951; x_wconf 90' lang='lat' dir='ltr'><strong>qui</strong></span> <span class='ocrx_word' id='word_1_134' title='bbox 1461 2878 1583 2953; x_wconf 87' lang='lat' dir='ltr'><strong>super-</strong></span> 
     </span>
     <span class='ocr_line' id='line_1_19' title="bbox 530 2965 1584 3068; baseline 0.005 -30"><span class='ocrx_word' id='word_1_135' title='bbox 530 2982 634 3054; x_wconf 90' lang='lat' dir='ltr'><strong>sunt,</strong></span> <span class='ocrx_word' id='word_1_136' title='bbox 653 2966 773 3038; x_wconf 87' lang='lat' dir='ltr'><strong>videre</strong></span> <span class='ocrx_word' id='word_1_137' title='bbox 797 2991 947 3061; x_wconf 67' lang='grc' dir='ltr'><strong>τεςηιιω</strong></span> <span class='ocrx_word' id='word_1_138' title='bbox 973 2965 1042 3038; x_wconf 88' lang='lat' dir='ltr'><strong>hac</strong></span> <span class='ocrx_word' id='word_1_139' title='bbox 1067 2966 1210 3063; x_wconf 89' lang='lat' dir='ltr'><strong>publica</strong></span> <span class='ocrx_word' id='word_1_140' title='bbox 1237 2970 1376 3043; x_wconf 85' lang='lat' dir='ltr'><strong>miseria</strong></span> <span class='ocrx_word' id='word_1_141' title='bbox 1405 2983 1510 3068; x_wconf 91' lang='lat' dir='ltr'><strong>atque</strong></span> <span class='ocrx_word' id='word_1_142' title='bbox 1532 2972 1584 3043; x_wconf 92' lang='lat' dir='ltr'><strong>in·</strong></span> 
     </span>
     <span class='ocr_line' id='line_1_20' title="bbox 523 3081 1584 3183; baseline 0.006 -30"><span class='ocrx_word' id='word_1_143' title='bbox 523 3082 692 3155; x_wconf 74' lang='lat' dir='ltr'><strong>lelicitate</strong></span> <span class='ocrx_word' id='word_1_144' title='bbox 716 3096 939 3180; x_wconf 74' lang='lat' dir='ltr'><strong>exemptum,</strong></span> <span class='ocrx_word' id='word_1_145' title='bbox 962 3081 1025 3155; x_wconf 88' lang='lat' dir='ltr'><strong>sed</strong></span> <span class='ocrx_word' id='word_1_146' title='bbox 1054 3083 1190 3156; x_wconf 88' lang='lat' dir='ltr'><strong>malum</strong></span> <span class='ocrx_word' id='word_1_147' title='bbox 1211 3086 1330 3183; x_wconf 89' lang='lat' dir='ltr'><strong>ipsum</strong></span> <span class='ocrx_word' id='word_1_148' title='bbox 1352 3085 1584 3159; x_wconf 79' lang='lat' dir='ltr'><strong>diuturnitate</strong></span> 
     </span>
     <span class='ocr_line' id='line_1_21' title="bbox 529 3198 1581 3301; baseline 0.004 -32"><span class='ocrx_word' id='word_1_149' title='bbox 529 3198 699 3297; x_wconf 87' lang='lat' dir='ltr'><strong>temporis</strong></span> <span class='ocrx_word' id='word_1_150' title='bbox 716 3222 918 3271; x_wconf 88' lang='lat' dir='ltr'><strong>excrescere</strong></span> <span class='ocrx_word' id='word_1_151' title='bbox 936 3201 1056 3299; x_wconf 88' lang='lat' dir='ltr'><strong>potius</strong></span> <span class='ocrx_word' id='word_1_152' title='bbox 1078 3214 1113 3271; x_wconf 91' lang='lat' dir='ltr'><strong>ct</strong></span> <span class='ocrx_word' id='word_1_153' title='bbox 1136 3201 1278 3296; x_wconf 82' lang='lat' dir='ltr'><strong>augeri,</strong></span> <span class='ocrx_word' id='word_1_154' title='bbox 1298 3224 1531 3301; x_wconf 81' lang='lat' dir='ltr'><strong>semperque,</strong></span> <span class='ocrx_word' id='word_1_155' title='bbox 1553 3204 1581 3273; x_wconf 93' lang='lat' dir='ltr'><strong>si</strong></span> 
     </span>
     <span class='ocr_line' id='line_1_22' title="bbox 528 3310 1583 3413; baseline 0.003 -28"><span class='ocrx_word' id='word_1_156' title='bbox 528 3314 634 3385; x_wconf 88' lang='lat' dir='ltr'><strong>etiam</strong></span> <span class='ocrx_word' id='word_1_157' title='bbox 651 3310 802 3386; x_wconf 84' lang='lat' dir='ltr'><strong>delicere</strong></span> <span class='ocrx_word' id='word_1_158' title='bbox 818 3311 1022 3404; x_wconf 82' lang='lat' dir='ltr'><strong>videantur,</strong></span> <span class='ocrx_word' id='word_1_159' title='bbox 1035 3337 1130 3387; x_wconf 83' lang='lat' dir='ltr'><strong>nova</strong></span> <span class='ocrx_word' id='word_1_160' title='bbox 1151 3313 1244 3388; x_wconf 85' lang='lat' dir='ltr'><strong>bella</strong></span> <span class='ocrx_word' id='word_1_161' title='bbox 1261 3340 1447 3413; x_wconf 86' lang='lat' dir='ltr'><strong>novosque</strong></span> <span class='ocrx_word' id='word_1_162' title='bbox 1457 3330 1583 3388; x_wconf 82' lang='lat' dir='ltr'><strong>motus</strong></span> 
     </span>
     <span class='ocr_line' id='line_1_23' title="bbox 528 3428 1582 3529; baseline 0.006 -30"><span class='ocrx_word' id='word_1_163' title='bbox 528 3442 676 3529; x_wconf 88' lang='lat' dir='ltr'><strong>propter</strong></span> <span class='ocrx_word' id='word_1_164' title='bbox 690 3454 783 3527; x_wconf 90' lang='lat' dir='ltr'><strong>quos</strong></span> <span class='ocrx_word' id='word_1_165' title='bbox 797 3428 1047 3524; x_wconf 84' lang='lat' dir='ltr'><strong>hujuscemodi</strong></span> <span class='ocrx_word' id='word_1_166' title='bbox 1062 3432 1186 3505; x_wconf 76' lang='lat' dir='ltr'><strong>nolitia</strong></span> <span class='ocrx_word' id='word_1_167' title='bbox 1196 3444 1231 3503; x_wconf 90' lang='lat' dir='ltr'><strong>et</strong></span> <span class='ocrx_word' id='word_1_168' title='bbox 1241 3431 1374 3505; x_wconf 90' lang='lat' dir='ltr'><strong>tributa</strong></span> <span class='ocrx_word' id='word_1_169' title='bbox 1388 3432 1505 3505; x_wconf 88' lang='lat' dir='ltr'><strong>eidem</strong></span> <span class='ocrx_word' id='word_1_170' title='bbox 1518 3458 1582 3505; x_wconf 88' lang='lat' dir='ltr'><strong>an·</strong></span> 
     </span>
     <span class='ocr_line' id='line_1_24' title="bbox 528 3543 1582 3645; baseline 0.006 -30"><span class='ocrx_word' id='word_1_171' title='bbox 528 3568 619 3616; x_wconf 87' lang='lat' dir='ltr'><strong>nexa</strong></span> <span class='ocrx_word' id='word_1_172' title='bbox 630 3543 726 3643; x_wconf 91' lang='lat' dir='ltr'><strong>[sint]</strong></span> <span class='ocrx_word' id='word_1_173' title='bbox 735 3544 991 3636; x_wconf 84' lang='lat' dir='ltr'><strong>continuanda,</strong></span> <span class='ocrx_word' id='word_1_174' title='bbox 1003 3547 1059 3618; x_wconf 86' lang='lat' dir='ltr'><strong>vel</strong></span> <span class='ocrx_word' id='word_1_175' title='bbox 1072 3547 1232 3620; x_wconf 86' lang='lat' dir='ltr'><strong>suscitari</strong></span> <span class='ocrx_word' id='word_1_176' title='bbox 1253 3549 1309 3620; x_wconf 82' lang='lat' dir='ltr'><strong>vel</strong></span> <span class='ocrx_word' id='word_1_177' title='bbox 1321 3548 1492 3645; x_wconf 83' lang='lat' dir='ltr'><strong>confingi.</strong></span> <span class='ocrx_word' id='word_1_178' title='bbox 1511 3554 1582 3623; x_wconf 86' lang='lat' dir='ltr'><strong>Nec</strong></span> 
     </span>
     <span class='ocr_line' id='line_1_25' title="bbox 527 3656 1581 3757; baseline 0.009 -29"><span class='ocrx_word' id='word_1_179' title='bbox 527 3656 644 3729; x_wconf 89' lang='lat' dir='ltr'><strong>solum</strong></span> <span class='ocrx_word' id='word_1_180' title='bbox 660 3662 878 3731; x_wconf 81' lang='lat' dir='ltr'><strong>Francorum</strong></span> <span class='ocrx_word' id='word_1_181' title='bbox 895 3680 1047 3757; x_wconf 85' lang='lat' dir='ltr'><strong>regnum</strong></span> <span class='ocrx_word' id='word_1_182' title='bbox 1066 3660 1245 3734; x_wconf 83' lang='lat' dir='ltr'><strong>calamitas</strong></span> <span class='ocrx_word' id='word_1_183' title='bbox 1258 3662 1333 3735; x_wconf 81' lang='lat' dir='ltr'><strong>haec</strong></span> <span class='ocrx_word' id='word_1_184' title='bbox 1349 3678 1384 3734; x_wconf 91' lang='lat' dir='ltr'><strong>ct</strong></span> <span class='ocrx_word' id='word_1_185' title='bbox 1399 3662 1581 3738; x_wconf 79' lang='lat' dir='ltr'><strong>infelicitas</strong></span> 
     </span>
     <span class='ocr_line' id='line_1_26' title="bbox 527 3773 1582 3879; baseline 0.009 -34"><span class='ocrx_word' id='word_1_186' title='bbox 527 3773 684 3863; x_wconf 82' lang='lat' dir='ltr'><strong>tenebit3</strong></span> <span class='ocrx_word' id='word_1_187' title='bbox 704 3775 767 3846; x_wconf 85' lang='lat' dir='ltr'><strong>sed</strong></span> <span class='ocrx_word' id='word_1_188' title='bbox 787 3777 1001 3872; x_wconf 84' lang='lat' dir='ltr'><strong>contagione</strong></span> <span class='ocrx_word' id='word_1_189' title='bbox 1026 3776 1132 3847; x_wconf 87' lang='lat' dir='ltr'><strong>etiam</strong></span> <span class='ocrx_word' id='word_1_190' title='bbox 1151 3779 1270 3851; x_wconf 90' lang='lat' dir='ltr'><strong>suain</strong></span> <span class='ocrx_word' id='word_1_191' title='bbox 1287 3779 1422 3851; x_wconf 86' lang='lat' dir='ltr'><strong>vicinas</strong></span> <span class='ocrx_word' id='word_1_192' title='bbox 1446 3782 1582 3879; x_wconf 85' lang='lat' dir='ltr'><strong>aliquas</strong></span> 
     </span>
     <span class='ocr_line' id='line_1_27' title="bbox 528 3891 1582 3994; baseline 0.009 -34"><span class='ocrx_word' id='word_1_193' title='bbox 528 3891 691 3961; x_wconf 70' lang='lat' dir='ltr'><strong>oenones</strong></span> <span class='ocrx_word' id='word_1_194' title='bbox 706 3904 835 3986; x_wconf 85' lang='lat' dir='ltr'><strong>serpet,</strong></span> <span class='ocrx_word' id='word_1_195' title='bbox 854 3912 986 3988; x_wconf 86' lang='lat' dir='ltr'><strong>easque</strong></span> <span class='ocrx_word' id='word_1_196' title='bbox 1003 3892 1092 3989; x_wconf 87' lang='lat' dir='ltr'><strong>pari,</strong></span> <span class='ocrx_word' id='word_1_197' title='bbox 1110 3894 1177 3964; x_wconf 80' lang='lat' dir='ltr'><strong>uisi</strong></span> <span class='ocrx_word' id='word_1_198' title='bbox 1189 3898 1285 3966; x_wconf 88' lang='lat' dir='ltr'><strong>Deus</strong></span> <span class='ocrx_word' id='word_1_199' title='bbox 1296 3897 1470 3994; x_wconf 89' lang='lat' dir='ltr'><strong>propitius</strong></span> <span class='ocrx_word' id='word_1_200' title='bbox 1481 3918 1582 3970; x_wconf 79' lang='lat' dir='ltr'><strong>arer-</strong></span> 
     </span>
     <span class='ocr_line' id='line_1_28' title="bbox 528 4004 1579 4110; baseline 0.01 -35"><span class='ocrx_word' id='word_1_201' title='bbox 528 4018 589 4097; x_wconf 88' lang='lat' dir='ltr'><strong>tat,</strong></span> <span class='ocrx_word' id='word_1_202' title='bbox 609 4004 807 4077; x_wconf 84' lang='lat' dir='ltr'><strong>calamitate</strong></span> <span class='ocrx_word' id='word_1_203' title='bbox 822 4005 1017 4104; x_wconf 86' lang='lat' dir='ltr'><strong>complebit</strong></span> <span class='ocrx_word' id='word_1_204' title='bbox 1029 4021 1136 4106; x_wconf 85' lang='lat' dir='ltr'><strong>atque</strong></span> <span class='ocrx_word' id='word_1_205' title='bbox 1147 4009 1326 4104; x_wconf 86' lang='lat' dir='ltr'><strong>conficiet,</strong></span> <span class='ocrx_word' id='word_1_206' title='bbox 1340 4027 1446 4110; x_wconf 90' lang='lat' dir='ltr'><strong>prout</strong></span> <span class='ocrx_word' id='word_1_207' title='bbox 1454 4014 1529 4109; x_wconf 89' lang='lat' dir='ltr'><strong>jam</strong></span> <span class='ocrx_word' id='word_1_208' title='bbox 1542 4016 1579 4087; x_wconf 94' lang='lat' dir='ltr'><strong>in</strong></span> 
     </span>
     <span class='ocr_line' id='line_1_29' title="bbox 526 4118 1576 4219; baseline 0.01 -26"><span class='ocrx_word' id='word_1_209' title='bbox 526 4118 743 4219; x_wconf 88' lang='lat' dir='ltr'><strong>quibusdam</strong></span> <span class='ocrx_word' id='word_1_210' title='bbox 752 4120 920 4197; x_wconf 90' lang='lat' dir='ltr'><strong>dominiis</strong></span> <span class='ocrx_word' id='word_1_211' title='bbox 930 4121 1139 4195; x_wconf 90' lang='lat' dir='ltr'><strong>inchoatum</strong></span> <span class='ocrx_word' id='word_1_212' title='bbox 1151 4149 1227 4197; x_wconf 88' lang='lat' dir='ltr'><strong>esse</strong></span> <span class='ocrx_word' id='word_1_213' title='bbox 1236 4125 1400 4199; x_wconf 84' lang='lat' dir='ltr'><strong>ridemus</strong></span> <span class='ocrx_word' id='word_1_214' title='bbox 1411 4128 1456 4200; x_wconf 88' lang='lat' dir='ltr'><strong>dc</strong></span> <span class='ocrx_word' id='word_1_215' title='bbox 1468 4154 1576 4215; x_wconf 87' lang='lat' dir='ltr'><strong>novo,</strong></span> 
     </span>
     <span class='ocr_line' id='line_1_30' title="bbox 526 4236 1581 4343; baseline 0.006 -34"><span class='ocrx_word' id='word_1_216' title='bbox 526 4262 605 4335; x_wconf 81' lang='lat' dir='ltr'><strong>quae</strong></span> <span class='ocrx_word' id='word_1_217' title='bbox 619 4236 735 4334; x_wconf 83' lang='lat' dir='ltr'><strong>longis</strong></span> <span class='ocrx_word' id='word_1_218' title='bbox 750 4250 847 4308; x_wconf 90' lang='lat' dir='ltr'><strong>retro</strong></span> <span class='ocrx_word' id='word_1_219' title='bbox 863 4238 1086 4336; x_wconf 86' lang='lat' dir='ltr'><strong>temporibus</strong></span> <span class='ocrx_word' id='word_1_220' title='bbox 1102 4263 1121 4309; x_wconf 86' lang='lat' dir='ltr'><strong>a</strong></span> <span class='ocrx_word' id='word_1_221' title='bbox 1138 4240 1199 4311; x_wconf 91' lang='lat' dir='ltr'><strong>tali</strong></span> <span class='ocrx_word' id='word_1_222' title='bbox 1214 4242 1381 4315; x_wconf 83' lang='lat' dir='ltr'><strong>servitute</strong></span> <span class='ocrx_word' id='word_1_223' title='bbox 1393 4258 1501 4343; x_wconf 88' lang='lat' dir='ltr'><strong>atque</strong></span> <span class='ocrx_word' id='word_1_224' title='bbox 1518 4246 1581 4316; x_wconf 82' lang='lat' dir='ltr'><strong>nri·</strong></span> 
     </span>
     <span class='ocr_line' id='line_1_31' title="bbox 526 4352 976 4427; baseline -0.004 0"><span class='ocrx_word' id='word_1_225' title='bbox 526 4354 618 4427; x_wconf 81' lang='lat' dir='ltr'><strong>scria</strong></span> <span class='ocrx_word' id='word_1_226' title='bbox 631 4352 744 4426; x_wconf 87' lang='lat' dir='ltr'><strong>libera</strong></span> <span class='ocrx_word' id='word_1_227' title='bbox 761 4353 976 4425; x_wconf 83' lang='lat' dir='ltr'><strong>exstiterant.</strong></span> 
     </span>
    </p>

    <p class='ocr_par' dir='ltr' id='par_1_4' title="bbox 527 4468 1579 4693">
     <span class='ocr_line' id='line_1_32' title="bbox 577 4468 1579 4571; baseline 0.009 -32"><span class='ocrx_word' id='word_1_228' title='bbox 577 4474 647 4540; x_wconf 86' lang='lat' dir='ltr'><strong>Nec</strong></span> <span class='ocrx_word' id='word_1_229' title='bbox 664 4468 753 4541; x_wconf 88' lang='lat' dir='ltr'><strong>mihi</strong></span> <span class='ocrx_word' id='word_1_230' title='bbox 772 4468 896 4542; x_wconf 81' lang='lat' dir='ltr'><strong>afferat</strong></span> <span class='ocrx_word' id='word_1_231' title='bbox 922 4471 1021 4567; x_wconf 88' lang='lat' dir='ltr'><strong>quis,</strong></span> <span class='ocrx_word' id='word_1_232' title='bbox 1042 4471 1087 4543; x_wconf 90' lang='lat' dir='ltr'><strong>ad</strong></span> <span class='ocrx_word' id='word_1_233' title='bbox 1108 4470 1331 4547; x_wconf 88' lang='lat' dir='ltr'><strong>suadendum</strong></span> <span class='ocrx_word' id='word_1_234' title='bbox 1348 4474 1454 4571; x_wconf 87' lang='lat' dir='ltr'><strong>hujus</strong></span> <span class='ocrx_word' id='word_1_235' title='bbox 1474 4490 1579 4549; x_wconf 78' lang='lat' dir='ltr'><strong>tantae</strong></span> 
     </span>
     <span class='ocr_line' id='line_1_33' title="bbox 527 4582 1578 4693; baseline 0.009 -39"><span class='ocrx_word' id='word_1_236' title='bbox 527 4582 659 4655; x_wconf 76' lang='lat' dir='ltr'><strong>militiae</strong></span> <span class='ocrx_word' id='word_1_237' title='bbox 681 4587 950 4681; x_wconf 83' lang='lat' dir='ltr'><strong>necessitatem,</strong></span> <span class='ocrx_word' id='word_1_238' title='bbox 974 4601 1047 4662; x_wconf 88' lang='lat' dir='ltr'><strong>tam</strong></span> <span class='ocrx_word' id='word_1_239' title='bbox 1065 4586 1149 4663; x_wconf 88' lang='lat' dir='ltr'><strong>belli</strong></span> <span class='ocrx_word' id='word_1_240' title='bbox 1169 4612 1279 4687; x_wconf 87' lang='lat' dir='ltr'><strong>quam</strong></span> <span class='ocrx_word' id='word_1_241' title='bbox 1294 4593 1391 4693; x_wconf 88' lang='lat' dir='ltr'><strong>pacis</strong></span> <span class='ocrx_word' id='word_1_242' title='bbox 1410 4594 1578 4691; x_wconf 86' lang='lat' dir='ltr'><strong>tempori·</strong></span> 
     </span>
    </p>
   </div>
   <div class='ocr_carea' id='block_1_3' title="bbox 0 0 1950 5892">
    <p class='ocr_par' dir='ltr' id='par_1_5' title="bbox 0 0 1950 5892">
     <span class='ocr_line' id='line_1_34' title="bbox 0 0 1950 5892; baseline 0 4"><span class='ocrx_word' id='word_1_243' title='bbox 0 0 1950 5892; x_wconf 95' lang='lat' dir='ltr'><strong> </strong></span> 
     </span>
    </p>
   </div>
  </div>
 </body>
</html>
