3892 5892
652 1311 1022 1427 PRAEFATIO

336 1664 368 1704 ΠΙ
387 1661 485 1704 ΜΝ
504 1661 695 1704 mmmm
714 1663 754 1702 01
771 1661 857 1702 mm
876 1661 970 1702 (lm
989 1663 1160 1706 mltis
1180 1666 1283 1708 ΟΔΙΟΗ
1302 1667 1346 1708 ΠΙ

553 1788 590 1828 Π
607 1788 745 1830 mmm!
764 1787 808 1842 ¹1,
829 1787 1000 1830 mmmm
1019 1790 1129 1832 mun.

366 2101 596 2196 compertum
623 2097 706 2168 satis
729 2111 784 2169 est
809 2109 845 2168 et
869 2098 1124 2197 conspicuum,
1150 2123 1224 2172 non
1248 2123 1378 2200 parum

318 2210 476 2284 utilitatis
499 2234 563 2284 cos
586 2209 633 2282 ad
658 2210 851 2284 hominum
871 2212 980 2286 vitam
1009 2239 1200 2312 moresque
1228 2239 1378 2315 compo·
1476 2299 1481 2312 ⁸

318 2325 457 2398 nendos
471 2324 647 2416 attulisse,
660 2326 723 2422 qui
737 2351 794 2400 res
806 2340 938 2425 gestas,
959 2341 995 2399 et
1007 2330 1202 2426 pracsertim
1217 2330 1379 2404 virorum

318 2439 507 2512 illustrium
522 2440 630 2532 vitas,
648 2439 805 2513 veridica
831 2442 1036 2515 narratione
1061 2443 1184 2516 litteris
1208 2444 1380 2546 mandare

318 2555 416 2628 etad
433 2569 597 2656 posteros
612 2555 849 2629 transmittere
869 2573 1053 2637 curarunt.
1075 2562 1167 2632 Cum
1190 2559 1287 2632 enim
1304 2559 1381 2634 hac

318 2685 482 2771 posteros
499 2672 672 2767 legentes,
687 2671 795 2744 veluti
811 2673 997 2772 speculum
1016 2673 1200 2770 quoddam
1215 2699 1377 2770 morum,

319 2786 386 2860 sibi
402 2785 574 2860 adhibere
597 2786 720 2880 liceat,
739 2811 870 2884 magna
887 2812 931 2861 ex
950 2787 1023 2860 hoc
1040 2790 1227 2864 instructio
1243 2805 1280 2864 et
1294 2817 1381 2866 cau-

318 2902 386 2978 tela
409 2902 599 3004 praebetur,
616 2917 652 2974 ct
676 2905 737 2975 ut¹
752 2902 868 3002 probe
888 2917 925 2977 et
945 2905 1104 2978 virtuose
1125 2920 1222 3005 gesta
1248 2906 1378 3005 digno·

318 3019 455 3108 verint,
478 3019 516 3091 in
543 3019 741 3118 semetipsis
767 3019 913 3111 sectari,
942 3045 1022 3117 quae
1045 3045 1132 3094 vero
1158 3022 1288 3120 injuste
1315 3047 1377 3098 seu

317 3134 502 3231 ignaviter,
527 3147 590 3206 aut
613 3134 765 3234 turpiter
780 3148 815 3206 et
837 3133 985 3228 vitiose,
1004 3134 1195 3228 damnare,
1214 3135 1381 3212 detestari

319 3265 355 3322 et
370 3250 481 3323 vitare
495 3248 627 3323 debere
650 3248 870 3340 doceantur3
890 3263 927 3321 et
946 3274 1011 3348 per
1028 3275 1106 3348 quae
1122 3275 1208 3326 suos
1223 3255 1379 3328 anterio·

319 3391 376 3439 res
391 3369 470 3438 Deo
485 3366 659 3466 placuisse
686 3379 724 3438 et
740 3363 787 3438 ad
815 3364 1018 3437 felicitatem
1043 3367 1264 3464 pervenisse,
1286 3370 1381 3442 vele

319 3479 506 3554 diversoin
514 3480 1379 3582 barathrumvitiornmetmiscriammprolapsos,

318 3597 589 3698 conspexerint,
608 3594 723 3669 cavel
746 3595 932 3696 amplecti,
954 3595 1012 3675 ‚vel
1034 3596 1167 3670 evitare
1187 3597 1382 3696 prudenter

318 3727 425 3812 atque
436 3713 613 3811 sapienter
625 3711 775 3810 possint.
790 3709 862 3783 Sed
874 3709 959 3809 quia
969 3710 1016 3783 ad
1027 3710 1111 3785 talia
1122 3711 1381 3786 conscribenda

318 3831 457 3929 plures,
474 3853 538 3928 spe
553 3840 709 3926 qnaestm
730 3839 838 3925 atque
861 3825 1078 3901 conciliandi
1094 3827 1249 3928 imperiti
1265 3827 1379 3926 vulgi,

320 3946 375 4019 vel
389 3970 514 4044 regum
529 3957 592 4018 aut
607 3941 812 4042 principum
828 3942 977 4028 favoris,
996 3967 1058 4014 seu
1077 3942 1280 4016 assentandi
1302 3966 1382 4040 gra·

320 4062 518 4162 tia,potius
529 4085 639 4160 quam
648 4059 725 4132 zelo
736 4057 918 4132 edicendae
929 4072 966 4130 et
978 4059 1016 4130 in
1028 4058 1146 4131 lucem
1159 4059 1383 4158 proferendae
1419 4145 1433 4159 .
1475 4148 1483 4166 ι

322 4168 493 4265 veritatis,
511 4201 587 4250 sese
602 4176 855 4268 contulerunt3
874 4188 910 4246 et
930 4174 1004 4246 suis
1020 4172 1234 4266 mendaciis,
1255 4175 1310 4246 vel
1326 4199 1383 4248 res

321 4291 411 4366 nihil
427 4293 565 4366 virtutis
580 4307 618 4367 et
634 4291 751 4367 laudis
768 4290 939 4364 habentes
964 4290 1102 4388 magnis
1122 4291 1310 4390 praeconiis
1332 4292 1382 4366 ob

362 4575 392 4630 l.
415 4572 474 4630 Stc.
486 4564 742 4646 corrigantque.
