3892 5892
725 940 835 999 usna
854 940 1018 1001 TERTIUS.
1347 950 1406 1007 113

351 1062 417 1139 snb
433 1064 628 1161 Anglorum
642 1062 778 1139 ditione
793 1040 933 1163 semper
947 1062 1186 1159 incoluerant,
1202 1067 1400 1145 faciendam

351 1196 386 1255 et
400 1179 671 1255 exsaturandam
686 1178 837 1253 esuriem
855 1193 1101 1251 accurrerunt.
1122 1175 1126 1181 ⁴

399 1298 489 1370 Cum
515 1309 635 1367 autem
662 1294 774 1395 patria
793 1292 852 1366 illa
874 1292 1005 1392 partim
1025 1292 1072 1365 ab
1096 1292 1252 1389 Anglicis
1275 1301 1405 1395 partim

350 1408 397 1483 ab
407 1410 491 1510 ipsis
501 1410 644 1483 Francis
654 1421 852 1497 vexaretur,
869 1421 904 1481 et
917 1407 965 1482 'ab
978 1408 1134 1506 utrisque
1148 1434 1316 1505 agrorum
1329 1414 1404 1487 cul·

352 1540 446 1598 tores
469 1524 524 1599 vel
543 1524 649 1597 bonis
671 1523 920 1623 spoliarentur,
946 1522 1005 1595 vel
1031 1525 1137 1596 etiam
1155 1526 1192 1596 in
1217 1528 1406 1626 captivita-

352 1654 423 1713 tem
436 1640 710 1730 abducerentur,
728 1639 935 1739 populoque
946 1638 998 1710 illi
1011 1638 1163 1738 simplici
1174 1654 1210 1713 et
1221 1642 1406 1717 innocenti

350 1756 622 1855 persuaderetur
636 1782 657 1830 a
672 1754 814 1828 Francis
831 1766 1023 1849 quatenus,
1046 1756 1077 1827 si
1092 1754 1198 1827 rebus
1217 1759 1289 1830 suis
1304 1784 1407 1834 suam

351 1872 443 1943 tueri
455 1871 654 1946 libertatem
663 1884 697 1943 et
709 1868 775 1942 sibi
784 1868 869 1967 ipsis
881 1894 991 1967 opem
1005 1869 1095 1943 ferre
1105 1869 1264 1962 vellent¹,
1274 1898 1408 1974 oppor·
1427 1942 1431 1954 ,

351 2001 478 2061 tonum
495 1990 545 2062 eis
560 1988 686 2073 alloret
702 2001 843 2085 tempus
859 2008 931 2081 quo
952 2010 1029 2058 sese
1046 2000 1082 2057 et
1096 1988 1249 2085 patriam
1264 1987 1311 2061 ab
1333 1996 1406 2063 An·

352 2101 492 2199 glorum
517 2104 682 2175 servitute
705 2124 746 2173 ac
770 2100 957 2174 dominatu
981 2125 1109 2173 exuere
1125 2118 1291 2199 possent,
1310 2120 1347 2178 et
1360 2106 1408 2180 ad

352 2214 1410 2315 naturaleregisFrancorumdominiumantiquamqueliber·

352 2344 460 2403 tatem
479 2329 670 2421 reducere,
689 2328 893 2403 auctoribus
913 2326 1127 2425 quibusdam
1141 2344 1244 2401 terrae
1255 2333 1407 2427 accolis,

352 2467 507 2541 quorum
522 2446 719 2544 praecipuus
727 2444 892 2515 Caricarii
903 2466 1105 2538 cognomen
1113 2444 1271 2517 habebat
1285 2446 1407 2543 (volgo

355 2562 575 2663 Charuyer¹)
588 2620 597 2655 ,
609 2577 725 2635 totum
738 2562 915 2662 populum
927 2576 1029 2634 terrae
1041 2562 1211 2637 adversus
1221 2565 1405 2663 lugbeus,

352 2702 444 2777 quos
462 2680 563 2775 quasi
587 2678 792 2753 naturaliter
816 2702 942 2751 exosos
959 2676 1158 2769 habebant,
1179 2680 1360 2777 insurgere
1375 2696 1411 2756 et

352 2818 450 2869 arma
461 2809 600 2867 vertere
612 2795 783 2868 lecerunt.
798 2794 868 2882 Qui
886 2792 977 2866 infra
989 2818 1124 2893 paucos
1139 2794 1216 2867 dies
1231 2820 1275 2867 ex
1291 2797 1409 2869 omni-

351 2908 418 2982 bus
434 2912 553 3010 patriae
566 2910 657 2983 villis
671 2910 814 3002 etnicis,
829 2910 921 2983 circa
936 2910 1025 2998 festa
1040 2908 1230 2984 dominice
1245 2913 1407 2987 nativita-

352 3026 413 3115 tis,
434 3026 472 3097 in
494 3050 608 3100 unum
621 3024 781 3112 collecti,
801 3048 883 3097 cum
899 3024 1020 3122 aliqua
1035 3049 1146 3099 manu
1158 3026 1290 3099 militiae
1306 3029 1409 3124 regiae

353 3140 540 3214 tendentes
568 3141 616 3215 ad
648 3139 824 3241 oppidum
849 3138 894 3210 de
925 3140 1077 3235 Hareflu
1110 3143 1406 3232 munitissimum,

354 3256 487 3353 inquo
514 3258 619 3355 pauci
643 3255 736 3354 [qui]
756 3268 884 3353 praeter
911 3252 1044 3349 Anglos
1070 3253 1272 3327 habitarent
1306 3274 1408 3331 erant

353 3370 537 3469 permissi,
567 3372 685 3469 ipsum
711 3372 846 3467 impetu
886 3366 1122 3440 multitudinis
1165 3386 1406 3468 expugnatum

353 3499 587 3585 receperunt,
607 3485 703 3558 caesis
722 3483 891 3580 Anglicis,
906 3496 942 3555 et
956 3484 1030 3579 regi
1047 3488 1263 3556 Francorum
1280 3486 1408 3563 ditioni

355 3601 599 3675 reddiderunt.
620 3600 728 3689 Quod
746 3613 782 3671 et
797 3597 959 3672 similiter
982 3596 1027 3669 de
1042 3596 1178 3697 oppido
1192 3600 1409 3674 Monasterii·

355 3716 520 3799 Villaris'
548 3726 585 3787 et
608 3712 654 3787 de
677 3713 840 3814 pluribus
863 3710 1013 3786 castellis
1042 3724 1079 3783 et
1103 3710 1261 3785 turribus
1286 3714 1408 3812 patriae

355 3838 514 3911 iecerunt
529 3894 539 3931 ,
557 3861 636 3936 que
653 3862 691 3911 se
708 3851 804 3929 tom,
824 3836 944 3935 potius
965 3858 1073 3932 quam
1091 3837 1286 3933 expugnari
1299 3840 1410 3911 susti-

356 3970 501 4045 nerent,
519 3952 703 4026 voluntate
719 3951 776 4024 vel
793 3948 1035 4051 periculorum
1050 3948 1240 4025 formidine
1255 3950 1408 4027 dedide-

355 4083 452 4141 runt.

293 4266 297 4275 Ι
404 4186 629 4259 AEstimantes
644 4199 764 4257 autem
779 4183 906 4258 eadem
918 4183 1085 4257 facilitate
1096 4206 1135 4255 se
1147 4196 1183 4255 et
1194 4183 1264 4255 alia
1276 4183 1410 4283 oppida

397 4403 426 4459 l.
447 4400 537 4459 Rebus
552 4408 611 4459 suis
623 4401 735 4463 devrait
748 4404 810 4463 etre
822 4401 903 4481 plane
914 4399 1008 4480 plutdt
1020 4398 1093 4460 dans
1105 4419 1139 4461 ce
1151 4400 1267 4463 dernier
1279 4403 1408 4467 membre

356 4491 393 4549 de
407 4492 511 4571 phrase
522 4538 530 4567 ‚
542 4490 571 4550 le
582 4492 642 4549 seul
656 4492 760 4576 auquel
775 4492 795 4550 il
809 4510 840 4551 sc
856 4500 1001 4569 rapporte.

396 4584 426 4640 Ξ.
451 4603 464 4633 ι
479 4582 520 4637 Le
532 4578 685 4654 Queruier,
699 4604 715 4633 ι
730 4579 801 4639 dans
814 4578 841 4637 la
857 4579 1012 4653 chronique
1023 4578 1061 4633 de
1075 4580 1176 4651 Berry.

398 4672 426 4728 3.
450 4664 660 4728 Montivilliers.

435 4777 447 4815 1
1232 4756 1251 4813 8
