3892 5892
721 976 830 1035 niusa
851 971 1023 1050 oramus,
1343 979 1401 1036 aaa

343 1097 524 1169 variarum
544 1097 650 1169 etiam
668 1100 828 1194 gentium
850 1114 886 1171 et
911 1099 1114 1197 linguarum
1141 1125 1221 1200 quae
1241 1103 1400 1199 ejusdem

343 1214 437 1308 regis
468 1212 642 1311 parebant
666 1215 832 1312 imperio.
859 1220 1043 1289 Venerunt
1069 1233 1189 1291 autem
1214 1224 1366 1294 Turonis
1377 1228 1400 1314 ¹,

341 1325 408 1400 ubi
426 1342 513 1399 tunc
529 1333 747 1401 Francorum
763 1332 878 1426 regis,
896 1344 932 1402 et
949 1331 987 1402 in
1005 1331 1220 1430 quibusdam
1236 1335 1402 1431 adjacen-

341 1445 440 1518 tibus
474 1445 644 1538 castellis,
676 1446 844 1544 frequens
873 1447 1002 1544 agebat
1024 1451 1241 1540 comitatus;
1274 1473 1294 1522 a
1328 1477 1402 1548 quo

341 1560 548 1657 magnifice,
569 1577 608 1634 ut
620 1588 685 1662 par
700 1579 789 1656 crat,
809 1565 983 1662 suscepti,
1000 1589 1057 1636 res
1072 1590 1140 1664 pro
1154 1565 1284 1664 quibus
1302 1583 1404 1642 erant

340 1676 530 1764 destinati,
551 1691 625 1748 tam
644 1700 752 1776 super
764 1677 995 1749 matrimonio
1015 1702 1124 1775 quam
1142 1704 1249 1778 super
1268 1681 1402 1754 ioedere

340 1806 379 1865 et
394 1791 539 1888 ligantia
554 1793 648 1864 inter
664 1791 793 1864 ambos
809 1817 931 1890 reges,
954 1819 1022 1892 pro
1036 1809 1123 1867 voto
1139 1820 1204 1867 suo
1227 1796 1400 1895 adimple·

340 1924 439 1981 runt.
458 1913 547 1998 Quae
562 1909 722 2008 proiecto
739 1925 864 1983 contra
880 1935 917 1983 se
933 1912 990 2009 agi
1016 1912 1312 2010 Burgundionum
1329 1913 1401 1986 dux

340 2025 491 2097 minime
507 2024 706 2122 ignorabat.
1397 2095 1401 2104 ,

390 2141 461 2213 Sed
487 2167 570 2214 ecce
594 2157 741 2240 repente
767 2143 996 2218 Providentia
1020 2143 1099 2235 illa,
1130 2169 1210 2242 quae
1222 2199 1232 2234 ,
1261 2171 1303 2218 ex
1330 2147 1401 2220 alto

339 2272 471 2331 cuncta
487 2273 734 2358 prospectans,
753 2263 874 2333 omnia
888 2261 995 2358 regit,
1015 2262 1137 2334 omnia
1153 2263 1402 2337 moderaturet

341 2372 538 2470 gubernat,
566 2399 690 2470 regum
715 2373 863 2446 consilia
887 2376 924 2446 in
949 2375 1088 2447 irritum
1106 2390 1141 2447 et
1164 2376 1316 2448 nihilum
1341 2379 1402 2450 de·

341 2489 457 2563 duxit.
477 2493 568 2561 Cum
583 2490 679 2561 enim
702 2489 789 2560 dicti
810 2492 999 2586 Hungariae
1020 2489 1125 2588 legati
1150 2491 1321 2587 (quorum
1339 2517 1401 2564 co·

341 2606 488 2677 mitatus
501 2605 592 2678 ultra
607 2619 876 2702 nongentorum
890 2605 1051 2701 equitum
1060 2629 1264 2697 numerum,
1277 2621 1404 2706 praeter

340 2747 468 2794 currus
484 2736 519 2794 et
534 2721 723 2818 quadrigas
739 2720 932 2818 plurimos,
953 2745 1029 2792 esse
1047 2720 1258 2815 serebatur),
1279 2722 1346 2794 laeti
1368 2737 1400 2794 et

339 2838 474 2912 alacres
502 2837 601 2935 quod
627 2861 695 2908 suo
719 2836 921 2934 potirentur
945 2835 1142 2928 desiderio,
1172 2835 1292 2936 plures
1319 2863 1401 2910 cnm

338 2956 474 3052 ingenti
496 2955 614 3026 laetltia
635 2952 711 3026 dies
731 2966 927 3051 noctesque
942 2953 1094 3026 Turonis
1118 2954 1400 3050 transegissent¹,

339 3093 407 3139 noc
422 3083 554 3140 restare
574 3061 650 3164 jam
665 3066 764 3140 aliud
778 3067 972 3157 videretur,
991 3067 1059 3140 nisi
1076 3093 1245 3166 sponsam
1262 3069 1308 3142 ad
1326 3094 1402 3142 ma·

339 3185 451 3255 ritum
477 3181 728 3255 deducendam
752 3184 931 3280 recipere,
958 3208 1041 3254 ecce
1065 3185 1246 3282 insperato
1263 3186 1309 3259 ad
1325 3211 1403 3260 eos·

340 3301 425 3373 dem
451 3297 601 3396 lugubre
628 3311 664 3369 et
687 3297 883 3369 infaustum
902 3297 1008 3368 valde
1032 3297 1079 3370 de
1102 3297 1205 3371 obitu
1231 3304 1322 3396 regis
1346 3305 1400 3376 sui

341 3415 510 3488 nuntium
527 3412 697 3501 defertur,
711 3412 862 3484 factione
873 3410 1061 3507 cujusdam
1078 3412 1227 3485 Bohemi
1247 3415 1399 3504 militis³,

340 3533 388 3607 ad
402 3533 518 3631 ipsum
536 3529 713 3602 Bohemiae
728 3554 879 3626 regnum
896 3554 962 3629 per
977 3527 1187 3625 hujusmodi
1204 3531 1302 3604 nolas
1320 3558 1401 3631 per·

341 3648 463 3721 venire
478 3644 689 3719 ambientis:
709 3658 816 3744 prout
828 3644 873 3715 de
885 3643 976 3716 lacto
990 3645 1164 3742 pervenit.
1177 3647 1256 3719 Fuit
1266 3648 1401 3746 quippe

340 3788 400 3836 rex
425 3761 637 3836 Lancelotns
650 3784 793 3833 veneno
810 3761 1027 3832 exstinctus:
1044 3785 1214 3858 magnum
1235 3763 1400 3860 prolecto

341 3882 408 3954 toti
430 3879 684 3954 Christianitati
701 3876 832 3950 vulnus
856 3873 1049 3949 inflictum!
1077 3881 1168 3950 Nam
1195 3905 1278 3951 cum
1304 3879 1400 3952 idem

336 3999 479 4094 juvenis
504 3996 669 4070 omniurn
688 4019 813 4092 regum
833 3993 1113 4066 christianorum
1133 3997 1401 4094 potentissimus

382 4258 411 4312 l.
433 4255 594 4314 Decembre
607 4257 696 4313 tant.

381 4345 412 4402 2.
433 4343 477 4401 Cl.
493 4347 565 4402 Jean
582 4342 725 4415 charum,
744 4361 774 4419 p.
792 4341 869 4412 296,
886 4352 915 4398 et
931 4340 959 4399 la
973 4341 1094 4402 relation
1112 4361 1148 4400 en
1164 4341 1326 4416 allemand,
1345 4365 1401 4424 pu·

340 4427 416 4489 blice
433 4449 486 4508 pat·
504 4430 672 4490 l'acadtimic
689 4429 726 4490 de
745 4429 855 4486 Vieuuc
876 4425 947 4486 dans
965 4426 1007 4488 les
1031 4433 1129 4487 Fontes
1150 4450 1243 4487 rerum
1267 4435 1401 4490 Austrin-

341 4539 452 4592 carum,
471 4517 586 4596 d'aprits
603 4519 632 4578 le
651 4523 746 4595 Copey
762 4516 830 4574 buch
848 4517 901 4571 der
914 4519 1061 4592 genreimrt
1083 4522 1147 4580 Stat
1164 4522 1265 4591 Wieu,
1288 4532 1307 4578 t.
1330 4523 1401 4598 Vll,

342 4613 439 4684 tata,
453 4608 539 4668 in·8·.

382 4705 411 4760 3.
434 4701 549 4782 Georgo
563 4696 735 4780 Pogiebrad.
