3892 5892
739 866 850 923 men
868 866 1035 926 mum.
1081 887 1086 893 ·
1358 872 1415 929 119

364 990 411 1063 do
427 1004 519 1063 terra
539 992 684 1063 suismet
706 988 839 1061 viribus
862 1005 900 1062 et
921 992 1031 1063 armis
1047 990 1285 1091 expellerent,
1314 993 1417 1066 dole-

364 1106 520 1203 bantque
538 1105 640 1205 quod
655 1120 708 1179 tot
724 1104 857 1205 oppida
869 1120 906 1177 et
920 1105 1061 1180 castella
1072 1110 1195 1206 patriae
1216 1108 1263 1181 ab
1282 1110 1415 1206 Auglo·

362 1246 443 1293 rum
459 1237 633 1321 potestate
648 1222 844 1313 exuissent,
863 1223 965 1321 quasi
983 1224 1102 1295 minor
1114 1224 1252 1323 prendas
1263 1225 1413 1323 agendi,

362 1336 409 1409 ud
428 1360 517 1434 quas
540 1337 769 1411 solummodo
784 1336 993 1431 inhiabant,
1016 1338 1163 1415 tecum
1186 1364 1251 1439 per
1273 1341 1345 1413 hoc
1364 1342 1416 1413 eis

362 1452 633 1551 relinqueretur.
706 1500 709 1505 ,

715 1686 970 1759 capitutum
995 1690 1055 1758 Vl.

421 1874 549 1929 Preludia
561 1894 593 1929 ex
604 1876 700 1947 quibus
713 1876 807 1929 Franci
820 1874 886 1927 urbe
898 1872 1036 1927 Parieiemi
1050 1874 1175 1947 Anglicos
1187 1876 1354 1947 expulerunt.

409 2039 501 2108 Cum
520 2052 638 2109 autem
665 2058 831 2131 guerras,
850 2050 889 2106 ut
909 2035 984 2130 jam
1000 2033 1174 2129 diximus,
1201 2060 1276 2109 non
1300 2053 1415 2112 castra

361 2162 534 2223 metantes
553 2152 610 2226 rel
626 2152 799 2225 exercitus
820 2149 1044 2247 colligentes,
1063 2152 1187 2223 Franci
1205 2166 1330 2225 contra
1348 2158 1416 2225 An·

360 2264 471 2360 glioos
485 2268 676 2359 ducerent,
692 2265 755 2339 sed
767 2290 831 2365 per
843 2266 1083 2371 proditiones,
1098 2266 1243 2339 insidias
1258 2284 1294 2341 et
1310 2269 1414 2341 dolos

359 2382 518 2455 civitates
535 2380 592 2456 vel
608 2380 741 2481 oppida
755 2381 802 2455 de
818 2380 1015 2479 Anglorurn
1032 2397 1206 2480 potestate
1218 2385 1415 2457 niterentur

359 2499 561 2593 acquirere,
588 2498 738 2593 contigit
759 2508 798 2570 ut
822 2510 979 2569 castrum
1003 2496 1050 2569 do
1078 2497 1283 2568 Mculeuclt¹
1306 2520 1414 2596 supro

359 2612 580 2708 Sequanam,
604 2626 640 2685 et
658 2612 894 2705 Pontisaram,
925 2610 1101 2711 oppidum
1125 2634 1232 2711 super
1258 2617 1411 2703 lsaram,

334 2772 336 2779 ·
359 2725 487 2800 talibus
516 2727 651 2802 artibus
677 2728 912 2801 lucrarentur.
937 2732 1027 2801 Nam
1049 2728 1247 2800 Mulentum
1269 2752 1311 2800 ex
1337 2730 1413 2801 llu-

358 2841 455 2913 miue
474 2864 539 2941 per
553 2834 682 2917 clocam
697 2841 857 2917 foramen
872 2843 971 2942 prior
989 2842 1117 2939 aliquis
1132 2843 1311 2939 ingressus
1322 2844 1412 2917 sere·

358 2956 476 3051 betur,
506 2962 568 3059 qui
601 2962 732 3033 caetcris
760 2959 898 3033 aditum
926 2974 1008 3057 post
1033 2956 1145 3030 modo
1169 2960 1409 3056 patelaocoet'.

357 3074 539 3147 Pontisara
558 3090 677 3148 autern
694 3090 802 3147 noctu
820 3098 885 3173 per
901 3072 1078 3145 defectum
1093 3073 1294 3147 debitarum
1309 3100 1413 3151 exou-

357 3184 515 3279 biaruur,
542 3202 747 3261 transcenso
773 3196 838 3287 per
862 3186 973 3259 scalas
995 3210 1123 3277 muro,
1141 3190 1312 3285 acquisita
1333 3205 1410 3279 est;

357 3314 412 3388 et,
431 3324 515 3373 cum
532 3302 692 3401 locuplex
714 3302 889 3401 oppidum
906 3300 1019 3391 soret,
1044 3302 1080 3371 in
1104 3302 1261 3399 predam
1278 3305 1412 3401 ingres-

357 3440 482 3487 sorum
499 3415 810 3515 direptionemque
825 3416 929 3488 cessit
939 3419 961 3486 ⁸.

405 3532 467 3605 llis
483 3546 602 3605 autern
627 3533 715 3604 locis
731 3556 795 3629 per
812 3536 965 3603 Francos
986 3530 1185 3628 acquisitis,
1204 3532 1290 3605 urbs
1314 3536 1413 3606 Pari·

355 3649 471 3738 sicca,
495 3670 604 3745 quam
631 3650 705 3745 jam
731 3672 795 3745 per
816 3669 931 3719 annos
953 3646 1129 3745 plurimos
1147 3650 1272 3719 Franci
1293 3652 1411 3721 renati

356 3762 512 3858 fuerant,
526 3764 564 3835 iu
580 3778 774 3836 extremam
791 3763 1034 3835 necessitatem
1047 3762 1219 3863 perducta
1235 3777 1300 3835 est.
1321 3770 1410 3837 Natu

355 3902 451 3971 urm,
471 3880 669 3952 multorum
685 3878 837 3951 decursu
858 3900 1055 3968 annorum,
1076 3900 1222 3951 annona
1245 3879 1294 3951 ad
1313 3880 1410 3953 illam

356 3994 483 4067 urbem
508 3996 690 4094 potissime
715 4016 780 4093 per
805 3996 1007 4091 Sequanam
1024 3994 1070 4067 de
1098 3994 1336 4081 Normaunia,
1354 4000 1411 4071 rel

357 4134 420 4209 ρει·
434 4112 567 4183 flumen
580 4117 693 4201 lsarae,
710 4110 957 4202 adveheretur,
974 4110 1041 4181 illis
1052 4109 1194 4183 duobus
1204 4111 1412 4185 fluminibus

357 4224 504 4297 sublatis
526 4242 561 4298 et
583 4226 725 4298 illorum
748 4225 903 4299 duorum
929 4225 1148 4323 oppidorum
1162 4226 1328 4323 captione
1343 4226 1410 4298 ob·

397 4408 426 4465 l.
452 4406 578 4482 ldeulsn,
595 4408 714 4489 appelie
724 4422 787 4470 tout
800 4410 838 4469 de
850 4410 924 4469 suite
937 4411 1025 4489 apres
1038 4415 1207 4476 Marenem.

395 4498 426 4555 ἢ.
447 4498 527 4555 Dm
537 4494 565 4554 la
577 4496 641 4555 nuit
652 4496 693 4557 du
705 4500 744 4557 Sl
756 4496 919 4577 septembre
933 4500 1023 4557 1435.

396 4588 424 4643 3.
447 4586 697 4645 Commenceurent
713 4585 750 4643 de
765 4590 854 4647 1438.
