3892 5892
605 925 610 934 “
721 924 833 981 LIBER
852 924 1054 986 SECUNDUS.
1067 856 1114 971 ο·
1378 931 1416 988 67

360 1040 399 1121 in'
414 1072 496 1121 rure
513 1046 694 1147 pascendo
711 1048 832 1145 pecori
853 1045 1046 1137 insisteret,
1067 1049 1272 1148 apparuisse
1289 1051 1420 1149 pradi-

360 1178 433 1235 ctas
450 1164 607 1260 virgines
622 1177 779 1251 sanctas,
805 1178 840 1235 et
863 1161 1033 1237 mandata
1050 1162 1172 1245 divina
1190 1164 1237 1237 ad
1259 1189 1339 1239 eam
1355 1166 1419 1241 de·

362 1274 641 1352 tulisselliebat
664 1278 760 1351 enim
778 1293 996 1377 pracceptum
1021 1278 1154 1353 sactum
1183 1296 1223 1353 ut
1243 1281 1291 1355 ad
1310 1287 1419 1357 Caro·

360 1393 435 1466 lum
455 1420 575 1492 regem
591 1394 793 1486 accederet,
815 1393 883 1465 sibi
898 1394 1074 1469 nonnulla
1096 1396 1263 1471 clamant
1283 1415 1420 1472 secreto

360 1509 505 1583 diceret.
532 1515 637 1601 Quae,
657 1510 776 1609 qualia
794 1498 927 1602 essent,
946 1510 1023 1610 ipse
1043 1536 1105 1585 rex
1124 1513 1214 1586 scire
1232 1514 1367 1613 potuit,
1384 1528 1421 1587 et

360 1626 389 1697 si
405 1627 463 1699 cui
482 1625 601 1699 forsan
619 1626 693 1725 ipse
712 1626 899 1719 revelavit3
917 1650 1004 1699 nam
1018 1628 1155 1701 occulta
1171 1628 1289 1727 aliqua
1304 1654 1349 1703 ex
1365 1630 1421 1703 bis

361 1741 520 1833 fuerumt,
539 1743 658 1841 aliqua
675 1756 795 1815 autem
806 1742 978 1815 omnibus
995 1743 1114 1842 palam
1127 1745 1234 1837 lacta,
1253 1746 1349 1818 utin
1367 1771 1421 1818 se·

359 1859 552 1957 quentibus
568 1857 769 1959 apparebit.

391 2001 395 2013 ·
411 1975 569 2074 Acceptis
585 1975 690 2071 igitur
704 1974 960 2073 hujuscemodi
971 1973 1169 2051 visionibus
1185 1992 1221 2051 et
1234 1978 1423 2051 revelatio·

360 2090 480 2182 nibus,
490 2096 727 2189 Joanna,quae
736 2090 844 2189 vulgo
854 2116 917 2190 per
926 2114 1074 2163 omnem
1082 2091 1233 2165 Galliam
1245 2094 1419 2167 «Puella»

359 2206 617 2305 appellabatur,
645 2206 691 2278 ad
716 2206 909 2304 quemdam
928 2206 1099 2299 militem,
1122 2207 1314 2283 dominum
1335 2226 1423 2284 tem·

360 2322 519 2422 poralern
544 2322 634 2395 villae
658 2322 704 2395 de
733 2320 804 2420 qua
830 2321 985 2395 oriunda
1004 2328 1099 2396 erat¹
1125 2338 1161 2396 et
1180 2325 1217 2396 in
1241 2350 1313 2424 qua
1336 2350 1421 2399 cum

360 2442 431 2514 suis
445 2440 653 2541 parentibus
668 2432 888 2531 morabatur,
908 2440 1072 2532 accessit,
1093 2439 1163 2513 sibi
1181 2466 1340 2515 asserens
1355 2444 1422 2517 Dei

360 2557 580 2630 voluntatem
600 2580 677 2629 esse
694 2570 733 2627 ut
748 2580 828 2629 eam
850 2555 896 2629 ad
916 2580 1037 2652 regem
1053 2560 1273 2629 Francorum
1290 2558 1424 2655 perdu-

360 2687 471 2765 ceret,
492 2687 532 2745 ut
553 2671 620 2744 sibi
638 2670 811 2744 nonnulla
829 2670 958 2743 divinae
974 2670 1122 2742 visionis
1139 2671 1305 2744 mandata
1321 2687 1421 2771 pate·

361 2788 506 2880 iaceret,
527 2788 623 2861 unde
643 2786 731 2880 sibi,
758 2789 786 2860 si
804 2787 854 2860 eis
880 2802 1039 2887 pareret,
1058 2800 1095 2860 et
1119 2788 1185 2859 toti
1202 2790 1422 2860 Francorum

361 2916 472 3003 regno
491 2904 655 2978 utilitates
677 2904 839 2977 maximae
856 2918 975 2976 essent
992 2917 1231 3002 proventurae.
1256 2904 1344 2977 Cum
1361 2928 1422 2977 au·

362 3037 434 3095 tem
450 3020 546 3093 idern
569 3018 687 3105 miles,
707 3019 783 3116 ejus
799 3018 988 3091 attendens
1006 3017 1290 3119 simplicitatem,
1307 3018 1422 3117 quiet

361 3139 470 3237 ipsius
481 3150 645 3235 parentes
659 3134 898 3231 cognoscebat
912 3133 986 3206 ruri
995 3132 1151 3205 colendo
1163 3135 1423 3234 pascendisque

360 3252 550 3352 pecoribus
576 3249 860 3348 animalibusque
880 3272 1029 3345 operam
1058 3246 1205 3340 dantes,
1230 3250 1307 3346 ejus
1325 3246 1421 3323 dicta

360 3394 427 3469 pro
443 3368 558 3442 nihilo
576 3368 721 3441 duceret
731 3419 741 3456 ,
762 3379 799 3438 et
815 3361 1081 3437 contemnenda
1101 3362 1219 3462 prima
1238 3363 1327 3437 facie
1352 3368 1422 3439 eri·

361 3485 536 3573 stimaret,
554 3508 634 3583 quae
654 3478 840 3581 poscebat,
863 3480 959 3552 velut
980 3476 1027 3550 ab
1050 3477 1162 3550 idiota
1176 3491 1213 3549 et
1230 3478 1420 3581 insipiente

361 3600 569 3675 muliercula
593 3599 710 3689 dicta,
737 3594 886 3695 implere
905 3594 1106 3669 recusabat.
1133 3594 1204 3666 Sed
1231 3620 1314 3669 cum
1342 3596 1419 3695 ipsa

360 3718 845 3816 nihilominusperseveraret
853 3712 890 3783 in
901 3736 964 3785 sua
976 3711 1187 3803 assertione,
1200 3711 1419 3785 comminata

361 3835 488 3927 etiam,
507 3834 537 3906 si
553 3832 675 3907 divina
692 3828 861 3903 mandata
876 3841 1143 3915 contemneret,
1162 3826 1231 3899 sibi
1248 3826 1418 3902 divinitus

359 3928 501 4054 plagam
518 3955 624 4027 etiam
640 3974 715 4024 non
734 3948 955 4037 defuturam,
973 3962 1029 4038 et,
1050 3946 1103 4018 uti
1117 3945 1298 4019 verissime
1319 3946 1418 4019 credi

359 4084 496 4171 potest,
515 4071 657 4167 signum
673 4064 820 4165 aliquod
834 4090 906 4137 suae
920 4062 1068 4135 visionis
1080 4060 1252 4154 dedisset,
1272 4061 1418 4135 eumad

359 4187 625 4261 assentiendum
638 4199 674 4258 et
690 4208 731 4257 ea
744 4206 824 4282 quae
835 4178 1006 4281 poscebat
1017 4176 1240 4279 implendum
1252 4176 1414 4251 adduxit.

362 4305 464 4377 Unde
478 4306 565 4406 ipse,
581 4302 711 4403 paratis
722 4299 769 4373 ad
778 4295 1082 4400 proficiscendum
1094 4294 1197 4393 equis
1207 4317 1250 4365 ac
1261 4292 1414 4385 famulis,

402 4476 431 4535 t.
453 4476 497 4533 En
519 4470 677 4531 admettant
696 4426 820 4527 terrear
837 4464 875 4525 de
892 4462 1017 4522 Thomas
1030 4460 1118 4521 Rasin
1133 4479 1184 4519 sur
1198 4458 1416 4535 Vauoooleurs,

360 4560 469 4623 liobert
484 4560 522 4621 de
534 4556 744 4630 Bandritourt,
759 4554 830 4615 dont
842 4554 863 4613 il
876 4563 947 4613 veut
966 4549 1064 4630 parler
1076 4548 1113 4607 ici
1125 4594 1134 4621 ,
1147 4547 1218 4607 etait
1228 4548 1371 4629 capitaine
1387 4564 1418 4609 et

360 4669 419 4713 non
431 4670 484 4733 pas
496 4648 632 4728 seigneur
646 4644 683 4705 de
697 4656 771 4703 cette
784 4641 863 4701 ville.
