3892 5892
600 897 659 954 illl)
887 897 1143 954 ulsrotutttuu
1162 897 1298 954 cauom
1319 899 1371 956 vlt

601 1037 776 1100 tertarum
791 1045 937 1095 suarum
951 1022 1106 1114 viribus,
1124 1047 1278 1121 persona
1298 1027 1599 1124 se'profecturum
1615 1021 1654 1096 ad

600 1137 766 1216 eamdem
797 1138 926 1212 urbem
952 1139 1258 1238 recuperandam,
1286 1141 1652 1240 expugnandumque,

599 1255 722 1352 quoad
746 1254 816 1328 sibi
838 1255 985 1328 facultas
1010 1255 1132 1327 divina
1159 1257 1289 1355 pietate
1318 1257 1534 1348 donaretur,
1563 1257 1655 1328 illum

600 1373 796 1444 maximum
823 1372 1125 1467 serissimumque
1151 1371 1332 1444 christiani
1358 1375 1520 1446 nominis
1545 1385 1580 1444 et
1602 1371 1655 1442 di-

599 1489 691 1563 vino
704 1489 885 1585 religionis
900 1489 1101 1580 inimicum,
1120 1491 1314 1562 'furcarum
1331 1490 1607 1589 imperatorem:
1624 1500 1655 1557 et

599 1605 684 1696 boc,
702 1607 732 1678 si
746 1605 887 1676 interim
901 1619 1014 1676 terras
1029 1629 1163 1676 suasae
1179 1604 1340 1678 dominia
1356 1607 1394 1678 in
1412 1620 1492 1679 tuto
1510 1620 1653 1680 statuere

599 1735 732 1820 posset.
756 1725 836 1792 Non
856 1719 953 1791 enim
972 1733 1046 1790 tam
1065 1718 1195 1791 obtuso
1211 1735 1246 1792 et
1261 1720 1381 1792 hebeti
1404 1747 1514 1793 sensu
1531 1732 1605 1797 erat
1619 1731 1653 1790 ut

597 1839 692 1950 rpgis
705 1859 788 1930 erga
804 1859 842 1909 ae
855 1836 1017 1907 animum
1034 1837 1224 1932 ignoraret,
1236 1838 1298 1934 qni
1310 1835 1430 1909 multis
1442 1863 1538 1937 saepe
1551 1833 1651 1906 mani·

598 1951 692 2022 sestis
714 1950 855 2020 indiciis
878 1951 1019 2046 agnitus
1040 1949 1106 2022 sibi
1127 1965 1376 2049 spectatusque
1403 1954 1533 2025 luerat.
1556 1951 1653 2047 igitur

597 2067 745 2164 cupiens
759 2065 935 2138 divinitati
952 2067 1114 2139 oblatum
1131 2091 1151 2138 a
1169 2091 1206 2138 se
1225 2069 1325 2166 pium
1338 2069 1561 2142 exsecutioni
1576 2065 1650 2136 dare

596 2198 742 2272 votum,
758 2207 841 2255 cum
859 2185 1032 2282 aptiorem
1051 2181 1161 2256 alium
1178 2183 1347 2273 modum,
1365 2183 1531 2256 dominia
1546 2205 1605 2255 sua
1621 2193 1649 2250 et

596 2297 757 2389 unicum,
768 2323 876 2397 quem
886 2297 1055 2391 habebat,
1072 2298 1219 2370 vixdum
1232 2298 1405 2397 puberem
1420 2299 1555 2372 filium²
1571 2299 1605 2368 in
1621 2308 1650 2364 ct

595 2411 664 2484 snb
686 2415 797 2486 tutela
819 2413 1047 2485 convenienti
1064 2411 1310 2512 relinquendi,
1332 2415 1550 2487 existimaret
1563 2407 1647 2482 dilli-

596 2529 662 2601 cile
677 2530 886 2602 adinvenire
895 2554 1000 2627 posse
1013 2586 1023 2623 ,
1036 2529 1079 2602 ad
1093 2554 1213 2626 regem
1225 2529 1392 2601 Carolum
1405 2555 1469 2628 per
1478 2529 1649 2602 solemnes

596 2669 682 2720 suos
697 2659 859 2718 oratores
873 2659 999 2720 votum
1017 2669 1058 2719 ac
1078 2643 1296 2724 desiderium
1312 2645 1483 2719 insinuari
1500 2639 1645 2722 curavit,

595 2785 682 2832 eum
697 2759 828 2836 obnixe
845 2762 1005 2856 rogitans
1028 2775 1135 2858 atquc
1153 2759 1367 2854 obsecrans,
1385 2775 1564 2860 quatenus
1585 2771 1648 2828 ter·

595 2899 716 2949 rarum
732 2891 769 2955 et
790 2876 1035 2951 dominiorum
1060 2901 1208 2960 suorum
1229 2876 1527 2972 gubernationem
1550 2887 1647 2968 atque

595 2991 940 3070 administrationem
962 3009 999 3062 et
1026 2990 1113 3066 dicti
1141 2990 1203 3073 filii
1224 2994 1279 3066 sui
1307 2993 1478 3090 unigeniti
1508 2989 1644 3068 tutelam

594 3132 657 3180 seu
671 3131 794 3186 curam
810 3130 991 3183 assumere
1006 3107 1233 3204 dignaretur,
1252 3133 1382 3206 rogans
1398 3111 1483 3182 item
1494 3106 1594 3208 quod
1605 3101 1645 3176 ad

593 3237 666 3294 tam
684 3237 848 3294 sanctum
863 3248 955 3322 opus
969 3223 1250 3322 aggrediendum
1267 3223 1423 3320 aliquem
1438 3224 1484 3297 de
1502 3226 1574 3301 suis
1589 3218 1644 3292 mi·

593 3338 676 3414 titiae
693 3337 847 3418 ducibus
862 3340 1001 3418 mittere
1017 3339 1140 3431 vellet,
1166 3340 1228 3440 qui
1245 3341 1411 3414 vexillum
1432 3355 1467 3412 et
1490 3334 1642 3414 militaria

594 3455 687 3550 regis
702 3455 803 3552 signa
822 3454 1019 3554 preferret3
1039 3454 1193 3528 ollereus
1209 3453 1276 3536 sub
1293 3453 1424 3540 eodem
1439 3455 1533 3533 duce
1549 3469 1643 3547 atque

595 3567 724 3640 vexillo
757 3569 885 3660 etiam,
913 3583 1086 3665 tanquam
1119 3568 1218 3664 regio
1245 3567 1459 3651 destinatum
1484 3569 1639 3648 uomina,

594 3684 750 3784 propriis
771 3683 974 3782 sumptibus
998 3683 1161 3756 militare.
1199 3688 1326 3782 Magna
1350 3683 1425 3756 hare
1450 3686 1583 3784 quippe
1613 3689 1642 3748 el

594 3801 679 3874 satis
689 3800 848 3874 efficacia
859 3815 1069 3896 argumenta
1080 3799 1179 3898 quod
1194 3800 1240 3874 de
1252 3825 1352 3876 sacra
1363 3802 1458 3899 rogia
1473 3804 1641 3900 majestate

594 3914 831 3991 diffidentiam
849 3917 998 3996 minime
1015 3915 1180 4004 haberet,
1200 3917 1263 3990 sed
1285 3919 1361 4016 eJus
1384 3919 1485 3990 omni
1512 3921 1569 3992 via
1584 3935 1642 3985 cu·

594 4045 695 4130 peret
711 4029 998 4106 benevolentiam
1015 4032 1175 4129 adipisci.
1197 4033 1266 4106 Sed
1287 4059 1361 4106 non
1388 4059 1432 4106 eo
1450 4034 1569 4108 mium
1583 4047 1642 4102 nec

594 4145 671 4242 eju's
686 4171 832 4246 preces,
855 4172 922 4218 nec
945 4146 1144 4220 oblationes
1161 4164 1265 4225 tanta
1281 4164 1441 4242 attentoe3
1461 4149 1525 4224 aed
1541 4169 1639 4246 agen·

595 4262 691 4336 tihus
718 4263 838 4361 impiis
865 4277 901 4344 et
927 4286 1084 4359 nequam
1112 4263 1341 4358 hominibus,
1375 4267 1436 4362 qui
1463 4263 1641 4341 dissidium

593 4393 630 4453 et
651 4377 887 4459 diffidentem
909 4378 1003 4457 iuter
1027 4379 1159 4475 regiam
1184 4379 1336 4456 domum
1356 4395 1391 4454 et
1411 4380 1541 4456 ducem
1564 4383 1640 4452 Bur·

632 4613 662 4668 l.
685 4609 820 4685 Chadas,
833 4623 927 4670 comte
940 4611 977 4671 de
990 4611 1152 4684 Charolais,
1170 4614 1206 4672 ne
1221 4613 1248 4672 le
1263 4617 1302 4673 to
1316 4613 1476 4674 novembre
1490 4617 1577 4676 tttt.
