3892 5892
503 868 541 924 tt
795 856 1055 919 HISTORIARUM
1074 852 1212 916 claotl
1237 858 1290 916 vn

503 987 726 1062 deditionem
754 982 909 1079 adigere.
945 982 999 1055 Ad
1023 980 1124 1081 quod
1148 1004 1233 1054 eum
1257 980 1417 1081 plurium
1451 1006 1569 1059 anno·

503 1130 585 1177 rum
603 1102 757 1191 decursu
772 1100 1030 1191 intendissent,
1055 1122 1174 1197 neque
1200 1096 1430 1196 obsidiones,
1449 1128 1569 1202 neque

504 1220 673 1296 militares
703 1216 878 1289 exercitus
907 1216 944 1287 in
972 1216 1095 1289 castris
1117 1228 1300 1307 tenentes,
1337 1216 1401 1289 sed
1430 1243 1475 1290 ex
1502 1244 1569 1319 op·

503 1336 597 1436 pidis
612 1351 648 1408 et
664 1336 788 1407 castris
810 1357 906 1430 quoe,
925 1357 988 1405 seu
1005 1356 1070 1430 per
1086 1332 1322 1424 tradimenta,
1340 1358 1405 1409 seu
1424 1360 1489 1434 per
1513 1338 1569 1409 in·

503 1452 611 1525 sidias
628 1476 671 1525 ac
692 1464 887 1522 nocturnas
909 1463 972 1521 aut
988 1448 1135 1521 furtivas
1150 1448 1423 1541 inscalatiooes,
1446 1454 1569 1551 acqui-

503 1592 581 1651 rere
593 1579 772 1666 poterant,
791 1588 895 1662 agros
903 1564 1120 1664 populantes
1136 1579 1172 1636 et
1188 1564 1316 1637 itinera
1329 1566 1491 1665 undique
1506 1566 1570 1641 ob

503 1684 671 1775 sidentes,
690 1706 755 1782 per
772 1705 851 1777 quae
868 1704 1015 1753 annona
1031 1680 1078 1754 ad
1091 1680 1273 1779 praefatam
1292 1680 1420 1754 urbem
1437 1683 1570 1757 adduci

503 1802 688 1901 potuisset,
700 1799 814 1897 ipsam
826 1798 874 1870 ad
887 1820 1056 1893 magnam
1068 1820 1190 1869 rerum
1204 1798 1368 1869 omnium
1380 1801 1569 1895 penuriam

503 1931 539 1990 et
557 1916 734 1989 caristiam
759 1914 1027 2014 perduxerunt3
1054 1915 1103 1986 ita
1124 1928 1164 1985 ut
1183 1914 1278 1985 cives
1297 1915 1453 2012 pretiosa
1468 1940 1570 2014 quoe-

503 2056 575 2131 que
590 2056 658 2132 pro
671 2054 789 2130 pane,
814 2042 1029 2130 perurgente
1045 2029 1159 2122 lame,
1178 2028 1376 2103 distrahere
1395 2056 1571 2128 cogeren-

504 2164 573 2221 tur.
593 2154 672 2221 Non
690 2148 786 2220 enim
804 2172 868 2245 per
885 2147 1005 2246 plures
1027 2170 1143 2219 annos
1161 2163 1345 2219 annonam
1364 2146 1566 2242 habebant,

503 2267 571 2337 nisi
592 2288 671 2363 quae
688 2290 731 2337 er
754 2264 976 2337 Normannia
996 2264 1047 2336 eis
1064 2263 1316 2354 adduceretur,
1343 2277 1381 2367 et
1405 2265 1570 2364 lreq'uen·

504 2384 573 2454 tius
596 2382 737 2477 navigio
759 2404 823 2481 per
840 2380 976 2452 flumen
998 2378 1118 2477 (quod
1134 2404 1202 2451 nec
1223 2379 1303 2452 fieri
1320 2366 1481 2478 poterat,
1502 2383 1570 2455 nisi

502 2524 586 2571 curn
614 2512 744 2595 magna
776 2511 998 2569 armatorum
1028 2495 1281 2591 multitudine)
1316 2495 1566 2571 deduceretur.

503 2620 590 2703 Quae
608 2616 771 2713 impensa
786 2612 975 2685 conductae
990 2636 1175 2683 annonam
1190 2612 1304 2711 ipsam
1320 2612 1436 2686 multo
1453 2619 1570 2689 cario·

502 2756 579 2803 rem
597 2730 787 2803 efficiebat.
801 2726 1041 2824 contingebat
1057 2728 1164 2799 etiam
1175 2728 1356 2801 interdum
1373 2744 1431 2822 ut,
1449 2732 1571 2804 incur-

502 2847 664 2919 santibus
680 2861 715 2917 et
729 2842 979 2917 insidiantibus
990 2845 1151 2935 Francis,
1170 2844 1349 2943 quidquid
1366 2846 1572 2922 adveheba-

502 2978 560 3035 tur
581 2976 779 3061 raperetur,
809 2960 1071 3033 mercatoribus
1094 2974 1130 3033 et
1154 2962 1439 3037 conductoribus
1458 2967 1570 3065 captis

500 3103 563 3151 seu
585 3077 791 3179 peremptis.
822 3075 912 3148 lude
934 3088 1055 3149 autem
1080 3095 1314 3152 consecutum
1333 3093 1392 3175 est
1416 3094 1456 3151 ut
1484 3081 1570 3155 urbs

499 3193 578 3287 illa,
607 3194 761 3266 maxima
786 3190 1008 3291 populorum
1031 3193 1230 3291 frequentia
1250 3220 1292 3267 ac
1312 3183 1569 3269 numerositate

500 3310 604 3384 solita
622 3336 699 3383 esse
726 3310 874 3402 referta,
900 3310 1024 3412 inopia
1040 3326 1076 3385 et
1102 3312 1208 3385 variis
1235 3312 1496 3387 calamitatibus
1517 3331 1570 3388 at·

500 3452 571 3526 que
583 3426 803 3527 pestilentiis,
819 3422 956 3499 civibus
968 3428 1100 3527 partim
1113 3427 1326 3527 absumptis,
1339 3430 1467 3527 partim
1479 3454 1570 3529 quo-

500 3567 574 3643 quo
587 3570 709 3631 versus
719 3544 839 3615 ellusis
849 3558 956 3641 atque
968 3543 1148 3643 dispersis,
1160 3544 1421 3619 habitatoribus
1433 3546 1569 3644 majore

499 3684 542 3733 en
573 3675 673 3761 parte
701 3674 914 3731 vacuaretur
941 3674 977 3731 et
1000 3660 1216 3747 nudaretur3
1249 3661 1298 3734 ita
1327 3676 1367 3733 ut
1392 3663 1469 3761 ejus
1495 3662 1570 3762 pla·

501 3790 577 3870 teas,
596 3777 684 3849 raris
701 3799 761 3847 eas
778 3772 1017 3866 calcantibus,
1030 3772 1244 3875 plerumque
1260 3776 1383 3851 herbis
1394 3794 1429 3850 et
1442 3780 1569 3875 grami-

408 3872 413 3885 ⁸
499 3895 606 3967 nibus
623 3888 819 3969 virentibus
841 3890 1093 3997 implerentur3
1113 3907 1149 3964 et
1167 3894 1243 3991 jam
1265 3908 1361 3967 certe
1380 3917 1456 3967 non
1478 3908 1568 3971 esset

499 4012 532 4084 ei
559 4008 832 4110 speciesneque
852 4004 981 4101 decor,
1006 4032 1084 4104 quae
1110 4008 1297 4105 quondam
1323 4010 1416 4082 inter
1441 4034 1568 4083 omnes

499 4122 683 4198 christiani
707 4121 804 4195 orbis
828 4122 988 4194 civitates
1018 4121 1281 4219 speciosissima
1302 4139 1409 4223 atque
1434 4124 1567 4197 floren·

499 4243 633 4315 tissima
651 4238 843 4313 ferebatur.

547 4361 640 4429 Cum
662 4371 783 4431 autem
804 4357 854 4429 ita
878 4353 1028 4454 [bellum
1051 4352 1265 4455 proferrent]
1287 4357 1365 4431 sine
1382 4358 1517 4457 proeliis
1532 4374 1567 4431 et

499 4471 711 4545 exercitibus
726 4487 832 4569 atque
844 4470 972 4545 ordina
985 4470 1142 4564 miliuri,
1160 4474 1334 4548 vastando
1347 4498 1465 4573 agros,
1480 4475 1567 4546 diri·
1603 4508 1607 4517 ·

500 4588 634 4690 piendo
656 4590 816 4663 civitates
831 4590 889 4663 vel
906 4588 1042 4690 oppida
1065 4612 1145 4689 quae
1167 4590 1453 4691 proditionibus,
1474 4590 1568 4664 dolis
