3892 5892
415 899 422 911 *
548 889 607 956 2⁶⁴
833 888 1089 949 fflsmlttttttttt
1108 891 1244 950 canon
1263 893 1316 950 vn

548 1011 633 1083 citio
671 1010 876 1108 hujusmodi
912 1011 1180 1104 machinarum,
1216 1027 1324 1111 atquc
1355 1013 1392 1085 in
1426 1015 1477 1086 eis
1508 1039 1607 1086 cou-

549 1128 731 1198 venienter
766 1128 997 1215 ordinandis,
1038 1130 1143 1201 vaide
1175 1127 1368 1201 industrius
1400 1143 1436 1202 et
1468 1130 1608 1228 peritus

547 1255 644 1331 crat,
671 1255 713 1312 ut
736 1257 821 1340 pote
850 1244 912 1340 qui
941 1242 1015 1338 jam
1044 1267 1109 1340 per
1139 1265 1254 1316 annos
1274 1243 1467 1342 plurimos,
1493 1245 1606 1316 etiam

547 1354 615 1427 sub
643 1356 837 1452 bogiorum
865 1357 1007 1428 servitio
1032 1372 1068 1430 et
1093 1357 1250 1448 ditione,
1277 1357 1338 1430 tali
1358 1355 1479 1436 officio
1502 1357 1607 1429 incu-

547 1469 687 1544 buerat.
711 1472 823 1566 Hujus
845 1473 950 1567 igitur
965 1471 1136 1544 industria
1151 1474 1236 1559 viri,
1254 1487 1367 1545 castra
1383 1477 1605 1546 Francorum

548 1586 683 1658 munita
697 1586 894 1658 admodum
910 1588 1132 1678 exstiterunt,
1146 1603 1182 1660 et
1199 1587 1332 1660 eisdem
1349 1587 1462 1685 quiin
1479 1587 1605 1660 castris

548 1716 650 1774 erant
667 1700 836 1774 militibus
854 1701 1048 1799 plurimum
1064 1704 1175 1774 animi
1192 1701 1402 1799 fiduciaque
1419 1701 1602 1793 additum,

548 1818 647 1920 quod
678 1815 724 1889 ab
747 1815 911 1889 hostibus
936 1819 1130 1915 expugnari
1155 1833 1267 1890 castra
1291 1817 1493 1890 nullatenus
1517 1841 1603 1916 pos·

547 1948 639 2004 seni.

597 2048 667 2120 Sed
698 2071 776 2121 cam
808 2054 1027 2122 Francorum
1060 2049 1269 2122 industriam
1298 2064 1404 2148 atque
1435 2047 1603 2123 fiduciam

548 2163 637 2235 nibil
665 2179 726 2235 aut
752 2188 879 2263 parurn
902 2162 1188 2236 animadvertens
1213 2161 1330 2236 dictus
1358 2164 1529 2237 dominus
1559 2162 1603 2234 de

553 2276 714 2367 Talebot,
744 2279 807 2375 qui
833 2291 979 2377 propter
1006 2276 1059 2348 sui
1089 2290 1260 2349 terrorem
1293 2280 1466 2370 nominis,
1504 2275 1604 2375 quod

549 2394 662 2466 multa
677 2392 744 2466 sibi
760 2393 872 2466 lausto
890 2407 997 2489 atque
1015 2390 1160 2463 feliciter
1176 2393 1424 2489 provenissent
1444 2394 1480 2464 in
1499 2392 1604 2466 variis

549 2507 671 2597 bellis,
703 2507 785 2607 plus
810 2508 846 2577 in
873 2506 1032 2577 hostium
1065 2505 1204 2600 ignavia
1230 2519 1337 2602 atque
1363 2505 1464 2602 fuga,
1494 2531 1603 2604 quam

548 2624 595 2697 de
619 2623 773 2722 propriis
801 2619 1007 2692 confidebat
1032 2617 1194 2709 viribus,
1224 2643 1299 2692 non
1333 2622 1416 2693 satis
1442 2621 1602 2695 discusso

550 2746 657 2838 atque
678 2737 880 2809 examinato
896 2739 1115 2806 Francorum
1139 2735 1357 2828 munimine,
1390 2737 1538 2810 eosdem
1566 2737 1601 2807 in

549 2855 622 2926 suis
650 2850 794 2948 aggredi
815 2849 937 2922 castris
959 2863 1093 2921 temere
1108 2850 1262 2923 nimium
1277 2865 1384 2950 atquc
1403 2852 1603 2924 inconsulte

549 2969 720 3043 decrevit.
753 2967 879 3037 Exiens
903 2966 1008 3063 igitur
1034 2951 1228 3062 Burdogala
1255 2993 1339 3040 cum
1361 2970 1481 3043 multis
1504 2969 1603 3068 equi·

547 3101 627 3157 tum
643 3097 751 3179 atque
771 3079 933 3180 peditum
956 3096 1028 3154 tam
1054 3081 1250 3179 Anglorum
1267 3109 1377 3183 quam
1399 3089 1601 3159 Vasconum

548 3198 722 3292 millibus,
745 3201 888 3278 rers'tuu
908 3172 1044 3271 dictum
1070 3199 1290 3274 Castellionis
1306 3215 1459 3274 castrum
1482 3202 1602 3275 obses·

547 3342 627 3390 sum
646 3314 790 3388 concito
811 3315 924 3411 gradu
944 3317 1011 3387 iter
1025 3340 1132 3387 suum
1150 3316 1287 3389 direxit.
1307 3319 1389 3404 Quo
1409 3342 1492 3389 cum
1513 3331 1599 3391 tem·

546 3433 681 3532 pestire
703 3431 805 3519 satis,
833 3454 900 3528 pro
922 3430 977 3501 sui
1002 3428 1150 3502 fervoris
1174 3445 1282 3527 atque
1305 3433 1513 3504 temeritatis
1537 3433 1600 3503 im·

546 3559 917 3647 petu,perventurum
930 3569 969 3618 se
982 3545 1129 3617 minime
1139 3543 1318 3636 crederet,
1331 3570 1414 3618 cum
1425 3547 1600 3645 equitibus

545 3661 618 3732 suis
649 3658 829 3759 pedestres
854 3683 935 3730 suas
962 3659 1085 3757 copias
1113 3673 1149 3730 et
1179 3660 1360 3732 machinas
1379 3673 1470 3734 ‘suas
1496 3677 1599 3758 atque

546 3792 738 3877 apparatus
746 3773 893 3847 bellicos
902 3772 1136 3872 praecedebat.
1152 3777 1327 3872 Cumque,
1340 3777 1377 3848 in
1389 3774 1600 3849 lococastris

545 3897 762 3965 Francorum
797 3889 879 3961 satis
914 3889 1055 3978 vicino,
1097 3889 1302 3962 francorum
1340 3893 1598 3994 sagittariorum

543 4008 684 4080 circiter
720 4002 1000 4105 quadringentos
1035 4003 1261 4099 offendisset,
1296 4008 1373 4079 sine
1410 4009 1532 4080 castris
1567 4017 1599 4075 et

544 4121 687 4193 militari
720 4118 907 4218 disciplina
927 4133 1146 4214 evagantes,
1177 4145 1240 4193 eos
1274 4125 1438 4220 protinus
1468 4123 1599 4222 absque

543 4238 689 4334 negotio
705 4249 911 4334 superatos,
929 4258 1056 4306 omues
1072 4235 1250 4307 exstinxit.

591 4355 674 4439 Quo
696 4366 809 4449 caepto
830 4349 927 4423 velut
950 4349 1077 4422 luturae
1103 4352 1261 4423 victoriae
1285 4350 1396 4424 elatus
1421 4353 1595 4452 auspicio,

541 4491 626 4540 cum
642 4467 753 4564 paulo
770 4481 851 4565 post
867 4465 1008 4561 alonge
1025 4467 1262 4565 prospexisset
1280 4467 1460 4563 ingentem
1478 4469 1596 4569 pulte·

538 4606 618 4655 rem
633 4581 742 4669 veluti
759 4582 930 4656 nebulam
944 4583 1120 4656 elevatum
1135 4585 1231 4680 (erat
1246 4584 1342 4656 enim
1363 4599 1503 4683 tempus
1522 4583 1596 4684 plu-
