3892 5892
721 899 1028 989 nmmousnrus.
1339 909 1397 972 sss

347 1039 501 1136 spatium
519 1039 659 1112 circiter
675 1039 780 1111 unius
796 1040 943 1129 mensis,
962 1039 1155 1128 civitatem,
1171 1051 1205 1110 et
1223 1037 1282 1135 qui
1301 1036 1336 1108 in
1355 1059 1396 1107 ea

348 1169 466 1246 erant,
484 1154 531 1227 ad
547 1154 767 1228 deditionem
779 1156 922 1253 coegit¹.

685 1449 938 1521 CAPl'l’ULUM
962 1451 1069 1519 XXV.

511 1637 876 1713 onemo-tomeun
884 1637 1235 1712 ussermannus.
1329 1607 1331 1614 ’

395 1829 477 1914 Qua
504 1824 692 1898 obsidione
711 1823 895 1924 perfecta,
920 1824 1047 1896 nolens
1071 1848 1132 1898 rex
1165 1839 1307 1926 torpere
1339 1841 1401 1900 sut

346 1942 460 2042 quieti
468 1966 508 2015 se
516 1941 621 2035 dere,
638 1939 755 2014 donec
766 1938 898 2038 fuglos
911 1941 1053 2039 penitus
1062 1941 1280 2014 Normunniu
1288 1965 1399 2042 expu-

345 2057 443 2130 iisset
463 2069 499 2130 et
512 2069 662 2155 nuptam
676 2055 860 2128 victoriam
877 2053 1091 2152 feliciterque
1113 2069 1335 2154 prosecutam
1354 2053 1401 2129 nd

348 2171 1169 2272 complementumusqueeteousummationem
1177 2171 1399 2269 perduceret,

347 2285 395 2360 ud
410 2284 652 2360 obsidendum
669 2285 886 2381 cadomum,
905 2299 987 2387 post
1000 2284 1125 2359 urbem
1143 2285 1403 2388 liothomagen·

346 2425 423 2474 sem
447 2401 558 2476 totius
581 2401 808 2476 Normanuiae
830 2403 1062 2502 insigniorem
1078 2399 1222 2493 locum,
1241 2403 1401 2478 animum

345 2518 533 2591 eonvertit.
553 2517 682 2594 socius
704 2518 824 2618 itaque
848 2518 894 2592 de
918 2533 996 2591 toto
1019 2541 1129 2616 regno
1152 2531 1226 2592 tum
1242 2519 1402 2616 equitum

346 2658 456 2732 quum
471 2633 635 2734 peditum
650 2633 860 2708 militaribus
871 2634 1004 2734 copiis,
1023 2631 1200 2735 oppidum
1212 2636 1343 2734 ipsum,
1363 2637 1401 2708 in

344 2775 418 2848 quo
445 2765 523 2826 erut
543 2751 617 2826 dux
639 2753 886 2848 Summemti,
912 2777 997 2826 eum
1021 2751 1183 2852 pluribus
1204 2751 1402 2850 Anglionnae

344 2868 477 2942 militiae
498 2867 650 2942 ducibus
674 2883 711 2944 et
736 2868 855 2969 Anglis
881 2893 989 2969 supra
1015 2870 1083 2974 tria
1115 2867 1249 2962 millia,
1275 2884 1402 2970 praeter

343 2983 479 3060 inooles
502 3001 540 3060 et
559 2988 655 3060 cives
678 2985 768 3078 loci,
795 2985 983 3060 obsidione
1007 2985 1133 3084 grandi
1156 2987 1266 3060 cinxit
1286 3001 1322 3061 et
1337 3011 1401 3062 va·

343 3098 427 3172 lide.
454 3102 535 3174 Fuit
552 3103 589 3174 in
615 3125 658 3175 en
681 3099 869 3176 obsidione
894 3127 955 3176 rex
981 3104 1057 3200 ipse
1077 3102 1226 3176 Carolus
1246 3127 1401 3202 praesens

343 3237 428 3288 cum
444 3218 597 3307 limato,
622 3240 705 3313 rege
721 3215 864 3308 Siciliae,
889 3232 926 3289 et
951 3217 1115 3317 pluribus
1134 3217 1211 3290 aliis
1229 3218 1401 3318 principi-

343 3327 414 3402 bus
432 3331 704 3426 sanguinium,
726 3330 863 3429 fuitque
880 3331 955 3429 ipse
975 3329 1175 3430 hospitatus
1198 3333 1235 3402 in
1259 3357 1402 3406 mouere

344 3444 434 3518 terio
454 3444 700 3542 religiosarum
715 3446 853 3517 Sancte
869 3443 1063 3532 Trinitatis,
1082 3443 1276 3542 aliquando
1293 3447 1400 3520 etium
1419 3509 1425 3526 .

344 3560 382 3632 in
398 3559 615 3634 monasterio
632 3558 679 3632 de
702 3557 868 3632 lrdenna
876 3561 899 3629 ¹.
919 3555 960 3628 in
976 3555 1092 3654 burgo
1108 3571 1227 3631 autem
1245 3557 1291 3632 de
1307 3563 1401 3635 Vau-

343 3675 460 3748 oellis'
482 3689 597 3750 castra
619 3687 790 3775 posuerat
813 3687 895 3746 ante
919 3671 1011 3769 regis
1035 3671 1229 3746 adventum
1256 3672 1399 3746 illustris

343 3813 466 3864 eomes
489 3791 685 3884 Dunensis;
720 3788 783 3888 qui
808 3788 936 3879 etiam,
969 3802 1171 3888 expugnata
1199 3788 1399 3862 munitione

343 3905 520 4004 quadam,
547 3931 658 4007 quum
681 3919 766 3980 ante
794 3919 955 4006 portam,
984 3929 1065 4004 quae
1090 3903 1198 3978 Mileti
1226 3903 1395 3998 dieitur‘,

344 4023 726 4119 buglicexstruxeraut,
746 4021 861 4123 ipsum
885 4021 920 4095 vi
943 4035 1143 4122 rsoeptam,
1169 4020 1294 4119 fingatis
1314 4020 1400 4096 inde

342 4133 526 4230 hostibus,
552 4137 720 4212 inoeudio
743 4137 915 4212 cremavit
935 4137 972 4208 in
997 4135 1221 4234 favillamque
1245 4134 1345 4211 dedit
1361 4151 1398 4212 et

384 4409 414 4478 f.
437 4419 476 4478 fd
489 4417 548 4478 mai
560 4421 650 4481 illio.

381 4508 412 4568 2.
434 4511 488 4566 las
501 4505 627 4584 ebhnye·
639 4505 677 4566 de
687 4506 717 4566 la
727 4507 835 4566 Trinite'
845 4505 883 4565 de
895 4509 972 4568 caen
985 4518 1015 4566 et
1027 4503 1196 4564 d’Ardaine.

384 4600 413 4658 ³.
434 4599 475 4658 1ae
486 4594 630 4674 uuboorg
641 4594 679 4656 de
690 4594 859 4667 Vnunelles,
873 4613 924 4654 sur
935 4595 966 4654 le
978 4605 1060 4654 route
1073 4592 1111 4653 de
1123 4593 1213 4654 Petis.

383 4692 414 4750 l.
435 4689 477 4748 Lu
489 4695 573 4767 porte
586 4682 687 4744 llillet.
