3892 5892
701 845 812 914 trouu
828 844 1014 917 Quantus.
1335 846 1395 905 aot

337 978 517 1077 lingerent,
535 988 572 1053 et
588 996 670 1051 eam
685 981 901 1059 tenuerunt3
920 967 1102 1053 aFrnncis
1119 990 1218 1061 vern,
1234 966 1297 1065 qui
1313 966 1397 1047 illue

337 1093 441 1171 multi
455 1118 499 1167 ex
517 1089 667 1167 diversis
681 1084 825 1187 oppidis
841 1097 875 1155 et
892 1084 1017 1158 castris
1033 1098 1282 1177 accurrerunt,
1303 1083 1398 1157 illico

339 1208 464 1283 eadem
480 1208 589 1281 turris
604 1204 749 1281 obsessa
764 1214 830 1280 est.
1338 1246 1342 1255 ·

388 1322 497 1417 Quod
514 1346 598 1398 cum
614 1320 698 1393 duci
713 1315 964 1407 Summerseti,
988 1314 1138 1407 rectori,
1158 1327 1197 1389 ut
1222 1313 1398 1408 diximus,

341 1440 535 1541 provincia·
549 1462 616 1539 pro
639 1434 832 1535 Auglorurn
853 1456 959 1531 rege,
978 1430 1209 1525 innotuisset,
1227 1432 1344 1509 statim
1362 1448 1404 1509 ut

342 1535 494 1635 obriessis
510 1555 617 1629 ferret
631 1552 803 1629 auxilium
817 1606 827 1641 ,
842 1548 927 1625 illuc
942 1572 1026 1626 cum
1042 1548 1198 1625 exercitu
1215 1547 1403 1630 domiuum

342 1671 388 1750 de
424 1668 566 1761 Talbot,
598 1669 767 1743 comitem
790 1662 1150 1755 Cherosberienserir,
1185 1665 1404 1765 praecipuum

343 1803 429 1864 tunc
445 1786 556 1861 totius
568 1784 729 1862 militaris
742 1780 940 1881 Anglorum
950 1804 1077 1857 manus
1095 1780 1239 1873 ducem,
1257 1781 1308 1855 ire
1320 1808 1405 1883 prm·

343 1904 449 2005 oepit.
469 1902 538 1993 Qui
554 1900 730 1991 collecto,
746 1914 785 1973 ut
801 1898 944 2001 potuit,
965 1896 1094 1991 milite,
1113 1898 1253 1975 circiter
1276 1900 1323 1975 ad
1342 1924 1406 1973 nu·

345 2044 485 2095 merum
499 2016 596 2090 mille
614 2016 892 2115 quingentorum
912 2012 1093 2113 equitum,
1118 2012 1164 2089 de
1182 2016 1406 2115 Rotlromago

346 2136 481 2233 trajecit
497 2138 717 2231 Berecynto,
736 2130 819 2201 inde
843 2152 930 2203 vero
956 2152 1041 2203 cum
1057 2128 1268 2207 Vernolium
1285 2157 1408 2211 versus

346 2248 546 2349 proiectus,
564 2244 787 2341 cognovisset
809 2244 845 2314 in
876 2242 958 2315 villa
989 2268 1067 2339 quae
1095 2245 1277 2319 Breteuil¹
1299 2246 1407 2345 vulgo

346 2361 568 2464 appellatur,
595 2362 717 2465 copias
743 2383 890 2459 magnas
906 2364 1124 2437 Francorum
1147 2362 1300 2437 militurn
1325 2390 1408 2439 curn

348 2477 470 2552 multis
485 2477 627 2553 famosis
638 2474 790 2551 ducibus
803 2474 850 2549 ad
862 2498 946 2550 euru
959 2474 1080 2549 locum
1097 2476 1325 2569 confluxisse,
1342 2481 1409 2553 mi·

348 2593 446 2668 nime
456 2591 589 2665 musas
601 2590 666 2665 luit
677 2590 771 2664 ultra
782 2588 999 2689 procedere,
1024 2589 1088 2662 sed
1109 2614 1266 2691 propero
1281 2585 1408 2687 cursu,

348 2706 512 2783 breviore
527 2731 603 2807 quo
618 2707 737 2808 potuit
752 2706 896 2797 itinere,
922 2706 1186 2804 Rothomagum
1207 2708 1274 2781 sibi
1291 2733 1411 2785 rever-

349 2822 499 2897 tendum
515 2822 710 2897 coustituit.
726 2826 846 2911 Quem
860 2847 944 2894 cum
960 2826 1181 2900 Francorum
1199 2822 1329 2917 duces,
1349 2826 1411 2925 qui

349 2962 434 3012 eum
454 2938 526 3010 lixo
544 2938 693 3035 vestigio
717 2937 815 3036 apud
832 2936 1041 3010 Vernolium
1067 2941 1340 3039 exspectabant,
1361 2946 1412 3017 sic

350 3055 467 3129 redire
493 3054 767 3143 intellexissent,
798 3054 1001 3126 conscensis
1031 3056 1150 3127 statim
1179 3058 1300 3155 equis,
1329 3082 1411 3131 eum

352 3194 436 3241 cum
448 3168 585 3265 magnis
600 3166 801 3265 agminibus
816 3192 839 3241 a
855 3182 954 3263 tergo
969 3182 1053 3241 suut
1069 3170 1230 3240 insecuti.
1252 3175 1294 3241 Et
1307 3174 1413 3246 tnlern

353 3281 501 3381 quidem
531 3280 750 3379 diligentiam
773 3278 1019 3377 adequitando
1045 3281 1227 3371 lecerunt,
1267 3299 1305 3354 ut
1332 3309 1415 3356 eum

354 3423 438 3472 cum
454 3421 517 3469 sua
533 3396 699 3468 comitiva
712 3396 750 3467 in
763 3393 978 3493 quibusdam
989 3396 1125 3491 magnis
1140 3399 1416 3496 campestribus'

355 3514 599 3604 invenientes,
625 3504 743 3586 eidem
768 3512 1120 3609 appropinquarentr
1148 3537 1241 3611 quos
1265 3528 1305 3589 ut
1329 3516 1418 3589 vidit

356 3626 454 3705 idem
474 3624 646 3704 dominus
667 3624 713 3701 de
733 3623 873 3716 Talbot,
893 3648 1045 3723 parvum
1069 3639 1131 3701 aut
1154 3624 1294 3701 nullum
1307 3652 1418 3729 repu-

357 3758 438 3821 tans
453 3742 522 3818 sibi
545 3744 583 3815 in
609 3741 692 3838 iuga
718 3740 923 3841 presidium
950 3766 1149 3840 superesse,
1169 3766 1254 3815 cum
1280 3748 1364 3841 equi
1382 3760 1418 3822 et

358 3860 488 3938 milites
501 3860 558 3936 sui
573 3884 616 3931 ex
633 3858 743 3955 longo
770 3858 896 3931 itinere
911 3872 949 3932 et
972 3858 1046 3931 sitis
1062 3856 1248 3935 tolerantia
1265 3858 1418 3937 multum

358 3973 440 4045 lassi
458 3973 661 4071 fatigatique
678 3986 816 4060 essent,
837 3972 953 4071 posita
973 3996 996 4045 a
1013 3986 1113 4071 tergo
1131 3973 1287 4071 quadarn
1302 3998 1416 4073 saepe,

360 4086 460 4159 rubis
473 4088 697 4187 dumetisque
717 4086 800 4159 satis
822 4085 950 4181 densa,
969 4085 1190 4159 descendens
1205 4086 1316 4187 pedes
1336 4112 1421 4161 curn

361 4202 457 4297 suis,
483 4202 554 4277 illic
585 4226 667 4277 suas
691 4202 784 4278 acies
807 4200 998 4277 ordinavit.
1028 4200 1137 4293 Quod
1157 4202 1281 4277 Franci
1300 4206 1421 4303 provi·

405 4502 435 4559 ¹.
457 4500 532 4559 C'est
544 4496 573 4557 le
585 4495 710 4562 Breteuil
722 4495 774 4575 qni
786 4508 829 4554 est
843 4492 917 4557 dans
929 4492 958 4555 le
971 4494 1170 4575 utpium
1182 4492 1220 4556 de
1233 4494 1341 4557 l'Eure.

405 4590 435 4647 2.
458 4588 501 4645 lin
514 4604 572 4643 voe
584 4583 769 4645 d’flaroourt.
785 4582 830 4643 (ἲ.
849 4584 992 4657 cuatuor,
1008 4581 1079 4641 dms
1092 4582 1252 4663 Godel'roy,
1264 4604 1295 4667 p.
1312 4587 1381 4647 144.
