3892 5892
543 875 601 935 110
827 870 1085 935 msroluanun
1103 874 1241 935 GAROU
1261 875 1316 933 vn

541 997 640 1070 ellit.
659 1000 771 1087 Nam,
791 1010 985 1094 postquam
1006 996 1101 1070 bella
1119 998 1155 1069 in
1174 998 1324 1071 Francia
1349 1024 1472 1097 gerere
1491 1027 1607 1081 cessa-

541 1125 689 1202 verunt,
709 1112 799 1185 tanti
814 1111 974 1187 civilium
991 1128 1100 1211 atque
1113 1110 1390 1195 domesticarum
1408 1115 1605 1194 discordia·

541 1253 641 1316 rum,
660 1226 879 1300 seditionum
897 1241 1004 1323 atque
1022 1227 1227 1319 turbarum,
1247 1230 1340 1301 inter
1356 1232 1452 1329 ipsos
1471 1235 1603 1331 Anglos

541 1344 630 1418 etin
650 1344 766 1442 patria
784 1365 870 1432 roa,
891 1352 1012 1414 motus
1031 1342 1268 1449 obortisunt,
1290 1360 1330 1417 ut
1348 1334 1476 1419 exiliis
1492 1352 1602 1425 totius

540 1480 643 1558 ptene
659 1458 761 1555 regni
784 1452 953 1529 nobilitas
969 1467 1055 1529 curn
1071 1456 1259 1531 innumera
1277 1462 1496 1563 populorum
1514 1466 1602 1541 mul·

541 1575 693 1648 titudine
710 1574 882 1645 exstincta
897 1574 956 1645 sit.
976 1575 1135 1647 Primum
1149 1577 1297 1673 quidem
1313 1579 1387 1677 ipse
1401 1582 1601 1665 Glocestriae

541 1691 635 1784 dux,
653 1712 759 1779 cum,
774 1700 924 1761 aunone
943 1688 1035 1761 duco
1053 1688 1250 1785 Subolem,
1270 1694 1430 1791 quicum
1451 1696 1518 1771 sibi
1536 1698 1602 1772 ini-

541 1810 674 1882 micum
689 1807 835 1903 suisque
852 1805 1086 1879 obsistentem
1098 1810 1287 1883 conatibus
1297 1814 1519 1908 autumabat,
1536 1817 1603 1890 snb

541 1923 650 2021 regali
664 1924 939 1995 auctoritatead
954 1923 1150 2020 quamdam
1164 1926 1311 2018 villum,
1329 1926 1393 2033 ubi
1408 1932 1603 2027 parlemen·

540 2054 630 2111 turn.
646 2037 764 2134 regale
787 2037 960 2113 celebrari
982 2038 1148 2135 deberet,
1175 2058 1360 2133 evocatus,
1385 2044 1447 2118 ino
1466 2049 1601 2122 adven-

540 2168 668 2245 tasset,
684 2153 775 2226 nihil
787 2156 988 2253 suspicatus
1001 2156 1225 2248 insidiarum,
1241 2180 1263 2232 a
1276 2160 1486 2235 satellitibus
1493 2165 1603 2264 ipsius

540 2267 642 2351 ducis
658 2268 835 2341 Sutiolcite
850 2270 888 2341 in
898 2271 1047 2369 proprio
1062 2264 1294 2372 suo'hospitio
1308 2276 1502 2351 suffocatus
1515 2292 1568 2353 est
1575 2285 1600 2354 1.

540 2389 665 2457 Fertur
672 2386 771 2459 enim
781 2385 875 2457 intra
883 2384 974 2457 duas
988 2388 1154 2461 crdoitras
1165 2388 1269 2461 fuisse
1279 2393 1504 2489 exstinctum,
1519 2420 1602 2469 cum

536 2500 612 2598 jem
629 2524 738 2573 senex
753 2515 788 2574 et
804 2502 889 2573 satie
900 2502 1109 2597 grandevus
1126 2519 1236 2603 essen
1253 2502 1411 2605 fuitque,
1428 2510 1474 2582 ad
1490 2512 1603 2587 scelus

541 2616 798 2714 obtegendum,
817 2615 913 2689 illico
928 2616 1150 2715 publicatum
1165 2620 1266 2718 quod
1279 2623 1369 2722 ipse,
1388 2625 1518 2705 morbo
1528 2650 1604 2701 cor·

540 2750 677 2834 reptos,
697 2718 905 2806 naturaliter
919 2734 1089 2808 in‘satum
1105 2737 1325 2821 contulisset.

589 2850 788 2949 Episcopus
803 2862 924 2925 autern
942 2850 1165 2945 Cicbestriae,
1182 2854 1319 2954 dequo
1335 2862 1499 2958 superius
1518 2861 1603 2936 feci·

540 2988 621 3036 mus
629 2965 864 3051 mentionem,
878 2964 977 3061 apud
991 2968 1208 3041 maritimam
1222 2973 1488 3049 rillam'dictem
1505 2984 1605 3053 Port-

539 3082 696 3176 snmye-'‚
715 3080 804 3151 dum
816 3104 884 3178 pro
901 3078 1012 3157 naulo
1031 3084 1179 3158 navium
1195 3088 1344 3185 quibus,
1364 3094 1401 3164 in
1419 3096 1602 3169 Franciarn

539 3196 694 3291 legatus,
718 3196 889 3270 advectus
905 3211 943 3269 et
957 3198 1043 3271 inde
1058 3201 1093 3271 in
1112 3204 1273 3299 Angliarn
1292 3220 1453 3282 revectus
1467 3210 1600 3305 suerat,

539 3332 623 3385 cum
637 3313 757 3387 nautis
776 3313 1033 3407 contenderet,
1056 3310 1124 3389 nec
1145 3320 1195 3391 eis
1214 3342 1281 3419 pro
1294 3310 1384 3395 uoto
1406 3322 1605 3402 satisfacere

540 3428 656 3521 vellet,
670 3429 718 3503 ab
729 3429 880 3521 eisdem,
895 3447 1081 3507 commota
1092 3433 1280 3531 seditione,
1295 3441 1494 3516 trucidatus
1517 3448 1600 3519 θεῖ’.

579 3610 610 3667 1.
632 3603 982 3691 saint-Edmund'sbury.

578 3694 609 3758 2.
630 3694 669 3757 28
679 3692 788 3757 ferrier.
797 3702 809 3755 1
818 3697 885 3760 itt.
896 3698 968 3758 Voir
979 3698 1006 3758 le
1017 3698 1089 3759 recit
1100 3702 1137 3761 de
1147 3702 1334 3769 Mattbieudc
1348 3710 1469 3793 Coussy,
1480 3714 1528 3777 cb.
1540 3740 1601 3782 xrx.

579 3788 609 3847 3.
633 3788 832 3848 roromoutn.

540 3903 542 3906 ·
579 3880 610 3935 1.
632 3880 672 3935 Μ.
689 3877 728 3937 de
739 3880 782 3937 la
792 3880 878 3936 Porte
891 3876 931 3936 du
943 3875 1026 3937 rheu
1037 3898 1054 3939 e
1067 3883 1233 3963 rernarqnes,
1246 3904 1297 3947 rur
1308 3906 1341 3948 ce
1354 3910 1486 3975 passage,
1498 3902 1604 3975 qu'eu·

539 3983 595 4023 cun
615 3964 755 4025 historien
775 3965 886 4045 anglais
907 3964 1017 4024 n’evait
1037 3968 1119 4047 perle
1145 3971 1185 4031 du
1204 3990 1331 4053 meurtre
1356 3980 1393 4041 de
1415 3983 1548 4065 l’eveque
1567 3986 1603 4047 de

539 4050 715 4113 chichester.
732 4051 770 4113 Ce
783 4052 834 4131 qui
851 4049 920 4112 dtait
934 4054 998 4113 vrai
1012 4054 1052 4115 du
1066 4067 1159 4138 temps
1173 4059 1209 4121 de
1220 4066 1259 4121 Μ.
1275 4062 1315 4125 du
1328 4056 1407 4129 Theil
1422 4072 1489 4139 l’est
1500 4094 1603 4135 encore

540 4141 735 4217 cojonrd‘bui.
752 4142 792 4201 n.
808 4142 937 4222 Lingard
951 4147 1019 4203 n’en
1034 4160 1052 4203 a
1065 4146 1128 4206 rien
1143 4146 1203 4219 dit,
1216 4150 1357 4232 quoiqu’il
1370 4154 1425 4218 soit
1438 4164 1603 4221 mennonne'

539 4253 578 4293 eu
597 4242 670 4291 mn·
691 4233 821 4313 chapitre
842 4232 919 4293 dele
936 4235 1104 4316 Chrouique
1119 4239 1309 4305 detractrice
1332 4246 1368 4307 de
1389 4254 1510 4330 coucy,
1534 4254 1605 4313 meis

539 4342 651 4381 comme
665 4343 704 4381 un
716 4336 843 4396 meurtre
849 4324 997 4406 juridique
1007 4330 1057 4405 qui
1069 4332 1164 4391 eurait
1175 4334 1220 4391 tte
1230 4338 1355 4415 precede
1368 4339 1439 4401 d’un
1451 4334 1604 4403 simulacre

540 4407 576 4469 de
591 4412 694 4490 proces
707 4405 815 4471 devant
827 4413 854 4472 le
868 4414 1042 4481 Pariement.
1058 4420 1097 4479 M.
1114 4420 1150 4481 de
1162 4426 1204 4481 La
1215 4428 1301 4486 Porte
1314 4428 1354 4487 du
1367 4430 1447 4489 Tbeil
1459 4452 1478 4490 a
1489 4434 1526 4493 de
1539 4435 1605 4513 pius

538 4500 596 4559 fixe
609 4519 647 4559 au
663 4515 907 4563 commenoement
928 4504 964 4563 de
985 4505 1098 4567 l’rnnee
1116 4512 1195 4569 1450
1215 4512 1351 4593 l’epoque
1371 4517 1408 4577 de
1430 4530 1476 4579 cet
1496 4524 1603 4583 evene·

538 4601 679 4663 mentm
692 4589 965 4655 munierum
979 4594 1250 4675 manducandi
1264 4603 1448 4685 denyncr:
1467 4610 1545 4671 tnnc
1564 4611 1604 4671 du
