<?xml version="1.0" encoding="UTF-8"?>
<!DOCTYPE html PUBLIC "-//W3C//DTD XHTML 1.0 Transitional//EN"
    "http://www.w3.org/TR/xhtml1/DTD/xhtml1-transitional.dtd">
<html xmlns="http://www.w3.org/1999/xhtml" xml:lang="en" lang="en">
 <head>
  <title>
</title>
<meta http-equiv="Content-Type" content="text/html;charset=utf-8" />
  <meta name='ocr-system' content='tesseract 3.04.00' />
  <meta name='ocr-capabilities' content='ocr_page ocr_carea ocr_par ocr_line ocrx_word'/>
</head>
<body>
  <div class='ocr_page' id='page_1' title='image "./histoiredesrgne01amelgoog_0382.png"; bbox 0 0 3892 5892; ppageno 0'>
   <div class='ocr_carea' id='block_1_1' title="bbox 517 832 1286 899">
    <p class='ocr_par' dir='ltr' id='par_1_1' title="bbox 517 832 1286 899">
     <span class='ocr_line' id='line_1_1' title="bbox 517 832 1286 899; baseline -0.008 -2"><span class='ocrx_word' id='word_1_1' title='bbox 517 841 585 898; x_wconf 68' lang='lat' dir='ltr'><strong>ist.</strong></span> <span class='ocrx_word' id='word_1_2' title='bbox 801 835 1058 899; x_wconf 70' lang='lat' dir='ltr'><strong>mutauit</strong></span> <span class='ocrx_word' id='word_1_3' title='bbox 1076 832 1214 893; x_wconf 72' lang='lat' dir='ltr'><strong>canon</strong></span> <span class='ocrx_word' id='word_1_4' title='bbox 1232 835 1286 892; x_wconf 84' lang='lat' dir='ltr'><strong>vn</strong></span> 
     </span>
    </p>
   </div>
   <div class='ocr_carea' id='block_1_2' title="bbox 514 953 1602 1985">
    <p class='ocr_par' dir='ltr' id='par_1_2' title="bbox 514 953 1602 1185">
     <span class='ocr_line' id='line_1_2' title="bbox 514 953 1602 1061; baseline -0.009 -26"><span class='ocrx_word' id='word_1_5' title='bbox 514 960 719 1061; x_wconf 79' lang='lat' dir='ltr'>relinquere</span> <span class='ocrx_word' id='word_1_6' title='bbox 736 982 826 1057; x_wconf 88' lang='lat' dir='ltr'><strong>quas</strong></span> <span class='ocrx_word' id='word_1_7' title='bbox 843 957 1070 1057; x_wconf 77' lang='lat' dir='ltr'><strong>occupabant</strong></span> <span class='ocrx_word' id='word_1_8' title='bbox 1092 980 1190 1032; x_wconf 83' lang='lat' dir='ltr'><strong>arces</strong></span> <span class='ocrx_word' id='word_1_9' title='bbox 1208 971 1245 1029; x_wconf 88' lang='lat' dir='ltr'><strong>et</strong></span> <span class='ocrx_word' id='word_1_10' title='bbox 1265 955 1301 1027; x_wconf 88' lang='lat' dir='ltr'><strong>in</strong></span> <span class='ocrx_word' id='word_1_11' title='bbox 1320 953 1518 1029; x_wconf 82' lang='lat' dir='ltr'><strong>Franciam</strong></span> <span class='ocrx_word' id='word_1_12' title='bbox 1539 977 1602 1025; x_wconf 83' lang='lat' dir='ltr'><strong>re·</strong></span> 
     </span>
     <span class='ocr_line' id='line_1_3' title="bbox 517 1078 1185 1185; baseline -0.01 -31"><span class='ocrx_word' id='word_1_13' title='bbox 517 1081 595 1153; x_wconf 85' lang='lat' dir='ltr'><strong>dire</strong></span> <span class='ocrx_word' id='word_1_14' title='bbox 611 1078 789 1179; x_wconf 86' lang='lat' dir='ltr'><strong>compulsi</strong></span> <span class='ocrx_word' id='word_1_15' title='bbox 806 1092 901 1151; x_wconf 85' lang='lat' dir='ltr'><strong>sunt.</strong></span> <span class='ocrx_word' id='word_1_16' title='bbox 1153 1082 1156 1091; x_wconf 89' lang='lat'>&#39;</span> <span class='ocrx_word' id='word_1_17' title='bbox 1184 1180 1185 1185; x_wconf 8' lang='lat' dir='ltr'><strong>p</strong></span> 
     </span>
    </p>

    <p class='ocr_par' dir='ltr' id='par_1_3' title="bbox 517 1185 1601 1985">
     <span class='ocr_line' id='line_1_4' title="bbox 565 1185 1601 1293; baseline -0.007 -26"><span class='ocrx_word' id='word_1_18' title='bbox 565 1197 729 1267; x_wconf 76' lang='lat' dir='ltr'><strong>Instituta</strong></span> <span class='ocrx_word' id='word_1_19' title='bbox 743 1195 862 1291; x_wconf 83' lang='lat' dir='ltr'><strong>igitur,</strong></span> <span class='ocrx_word' id='word_1_20' title='bbox 882 1185 923 1265; x_wconf 83' lang='lat' dir='ltr'><strong>ut</strong></span> <span class='ocrx_word' id='word_1_21' title='bbox 934 1192 1234 1293; x_wconf 80' lang='lat' dir='ltr'><strong>praediximus,·et</strong></span> <span class='ocrx_word' id='word_1_22' title='bbox 1253 1189 1420 1267; x_wconf 84' lang='lat' dir='ltr'><strong>ordinata</strong></span> <span class='ocrx_word' id='word_1_23' title='bbox 1432 1212 1506 1263; x_wconf 87' lang='lat' dir='ltr'><strong>sua</strong></span> <span class='ocrx_word' id='word_1_24' title='bbox 1524 1188 1601 1260; x_wconf 84' lang='lat' dir='ltr'><strong>mi-</strong></span> 
     </span>
     <span class='ocr_line' id='line_1_5' title="bbox 517 1306 1600 1416; baseline -0.006 -33"><span class='ocrx_word' id='word_1_25' title='bbox 517 1311 614 1401; x_wconf 89' lang='lat' dir='ltr'><strong>litia,</strong></span> <span class='ocrx_word' id='word_1_26' title='bbox 639 1312 788 1384; x_wconf 79' lang='lat' dir='ltr'>Carolus</span> <span class='ocrx_word' id='word_1_27' title='bbox 813 1334 876 1416; x_wconf 80' lang='lat' dir='ltr'><strong>rex</strong></span> <span class='ocrx_word' id='word_1_28' title='bbox 900 1335 985 1382; x_wconf 92' lang='lat' dir='ltr'><strong>cum</strong></span> <span class='ocrx_word' id='word_1_29' title='bbox 1008 1311 1100 1401; x_wconf 91' lang='lat' dir='ltr'><strong>suis,</strong></span> <span class='ocrx_word' id='word_1_30' title='bbox 1127 1308 1257 1382; x_wconf 80' lang='lat' dir='ltr'><strong>relictis</strong></span> <span class='ocrx_word' id='word_1_31' title='bbox 1287 1306 1535 1405; x_wconf 83' lang='lat' dir='ltr'><strong>Lotharingiae</strong></span> <span class='ocrx_word' id='word_1_32' title='bbox 1558 1318 1600 1377; x_wconf 90' lang='lat' dir='ltr'><strong>et</strong></span> 
     </span>
     <span class='ocr_line' id='line_1_6' title="bbox 518 1424 1598 1525; baseline -0.006 -24"><span class='ocrx_word' id='word_1_33' title='bbox 518 1429 730 1501; x_wconf 82' lang='lat' dir='ltr'><strong>Metensium</strong></span> <span class='ocrx_word' id='word_1_34' title='bbox 745 1429 851 1523; x_wconf 85' lang='lat' dir='ltr'><strong>agris,</strong></span> <span class='ocrx_word' id='word_1_35' title='bbox 863 1427 900 1498; x_wconf 90' lang='lat' dir='ltr'><strong>in</strong></span> <span class='ocrx_word' id='word_1_36' title='bbox 911 1428 1099 1500; x_wconf 85' lang='lat' dir='ltr'><strong>Franciam</strong></span> <span class='ocrx_word' id='word_1_37' title='bbox 1111 1450 1272 1501; x_wconf 87' lang='lat' dir='ltr'><strong>reversus</strong></span> <span class='ocrx_word' id='word_1_38' title='bbox 1285 1440 1351 1509; x_wconf 84' lang='lat' dir='ltr'><strong>eat.</strong></span> <span class='ocrx_word' id='word_1_39' title='bbox 1370 1424 1442 1525; x_wconf 90' lang='lat' dir='ltr'><strong>lpsi</strong></span> <span class='ocrx_word' id='word_1_40' title='bbox 1457 1438 1598 1496; x_wconf 83' lang='lat' dir='ltr'><strong>autem</strong></span> 
     </span>
     <span class='ocr_line' id='line_1_7' title="bbox 518 1539 1597 1640; baseline -0.003 -25"><span class='ocrx_word' id='word_1_41' title='bbox 518 1547 693 1635; x_wconf 84' lang='lat' dir='ltr'><strong>Metenses</strong></span> <span class='ocrx_word' id='word_1_42' title='bbox 718 1565 886 1640; x_wconf 87' lang='lat' dir='ltr'><strong>magnam</strong></span> <span class='ocrx_word' id='word_1_43' title='bbox 909 1542 987 1614; x_wconf 88' lang='lat' dir='ltr'><strong>auri</strong></span> <span class='ocrx_word' id='word_1_44' title='bbox 1008 1543 1240 1640; x_wconf 80' lang='lat' dir='ltr'><strong>quantitatem</strong></span> <span class='ocrx_word' id='word_1_45' title='bbox 1261 1544 1482 1613; x_wconf 77' lang='lat' dir='ltr'><strong>Francorum</strong></span> <span class='ocrx_word' id='word_1_46' title='bbox 1511 1539 1597 1636; x_wconf 87' lang='lat' dir='ltr'><strong>regi</strong></span> 
     </span>
     <span class='ocr_line' id='line_1_8' title="bbox 518 1653 1598 1755; baseline -0.006 -24"><span class='ocrx_word' id='word_1_47' title='bbox 518 1671 555 1732; x_wconf 91' lang='lat' dir='ltr'><strong>et</strong></span> <span class='ocrx_word' id='word_1_48' title='bbox 580 1659 657 1755; x_wconf 88' lang='lat' dir='ltr'><strong>regi</strong></span> <span class='ocrx_word' id='word_1_49' title='bbox 679 1661 814 1731; x_wconf 81' lang='lat' dir='ltr'><strong>Renato</strong></span> <span class='ocrx_word' id='word_1_50' title='bbox 839 1656 981 1750; x_wconf 73' lang='lat' dir='ltr'><strong>Siciliae,</strong></span> <span class='ocrx_word' id='word_1_51' title='bbox 1006 1682 1134 1745; x_wconf 88' lang='lat' dir='ltr'><strong>suum,</strong></span> <span class='ocrx_word' id='word_1_52' title='bbox 1160 1656 1205 1729; x_wconf 92' lang='lat' dir='ltr'><strong>de</strong></span> <span class='ocrx_word' id='word_1_53' title='bbox 1235 1680 1309 1755; x_wconf 93' lang='lat' dir='ltr'><strong>quo</strong></span> <span class='ocrx_word' id='word_1_54' title='bbox 1335 1680 1443 1755; x_wconf 87' lang='lat' dir='ltr'><strong>supra</strong></span> <span class='ocrx_word' id='word_1_55' title='bbox 1468 1653 1598 1726; x_wconf 84' lang='lat' dir='ltr'><strong>locuti</strong></span> 
     </span>
     <span class='ocr_line' id='line_1_9' title="bbox 520 1768 1596 1871; baseline -0.003 -27"><span class='ocrx_word' id='word_1_56' title='bbox 520 1795 666 1861; x_wconf 87' lang='lat' dir='ltr'><strong>sumus,</strong></span> <span class='ocrx_word' id='word_1_57' title='bbox 694 1769 995 1869; x_wconf 81' lang='lat' dir='ltr'><strong>chirographum,</strong></span> <span class='ocrx_word' id='word_1_58' title='bbox 1017 1795 1084 1871; x_wconf 93' lang='lat' dir='ltr'><strong>pro</strong></span> <span class='ocrx_word' id='word_1_59' title='bbox 1109 1768 1330 1871; x_wconf 87' lang='lat' dir='ltr'><strong>redimendis</strong></span> <span class='ocrx_word' id='word_1_60' title='bbox 1350 1768 1596 1853; x_wconf 75' lang='lat' dir='ltr'><strong>venationum</strong></span> 
     </span>
     <span class='ocr_line' id='line_1_10' title="bbox 520 1878 1409 1985; baseline 0 -26"><span class='ocrx_word' id='word_1_61' title='bbox 520 1885 775 1980; x_wconf 83' lang='lat' dir='ltr'><strong>incommodis,</strong></span> <span class='ocrx_word' id='word_1_62' title='bbox 789 1901 830 1962; x_wconf 91' lang='lat' dir='ltr'><strong>ut</strong></span> <span class='ocrx_word' id='word_1_63' title='bbox 842 1887 950 1985; x_wconf 79' lang='lat' dir='ltr'><strong>vulgo</strong></span> <span class='ocrx_word' id='word_1_64' title='bbox 967 1886 1159 1981; x_wconf 78' lang='lat' dir='ltr'><strong>ferebatur,</strong></span> <span class='ocrx_word' id='word_1_65' title='bbox 1173 1878 1409 1967; x_wconf 79' lang='lat' dir='ltr'><strong>tradiderunt.</strong></span> 
     </span>
    </p>
   </div>
   <div class='ocr_carea' id='block_1_3' title="bbox 865 2142 1237 2232">
    <p class='ocr_par' dir='ltr' id='par_1_4' title="bbox 865 2142 1237 2232">
     <span class='ocr_line' id='line_1_11' title="bbox 865 2142 1237 2232; baseline -0.005 -1"><span class='ocrx_word' id='word_1_66' title='bbox 865 2162 1120 2232; x_wconf 72' lang='lat' dir='ltr'><strong>carnutum</strong></span> <span class='ocrx_word' id='word_1_67' title='bbox 1145 2142 1237 2232; x_wconf 78' lang='lat' dir='ltr'><strong>viu.</strong></span> 
     </span>
    </p>
   </div>
   <div class='ocr_carea' id='block_1_4' title="bbox 551 2300 1564 2517">
    <p class='ocr_par' dir='ltr' id='par_1_5' title="bbox 551 2300 1564 2517">
     <span class='ocr_line' id='line_1_12' title="bbox 551 2300 1564 2420; baseline 0.001 -21"><span class='ocrx_word' id='word_1_68' title='bbox 551 2346 592 2399; x_wconf 79' lang='lat' dir='ltr'><strong>Da</strong></span> <span class='ocrx_word' id='word_1_69' title='bbox 602 2342 728 2413; x_wconf 71' lang='lat' dir='ltr'><strong>cudibus,</strong></span> <span class='ocrx_word' id='word_1_70' title='bbox 743 2344 844 2418; x_wconf 80' lang='lat' dir='ltr'><strong>rapinis</strong></span> <span class='ocrx_word' id='word_1_71' title='bbox 854 2360 930 2419; x_wconf 80' lang='lat' dir='ltr'><strong>atque</strong></span> <span class='ocrx_word' id='word_1_72' title='bbox 941 2348 1020 2401; x_wconf 67' lang='lat' dir='ltr'><strong>urii:</strong></span> <span class='ocrx_word' id='word_1_73' title='bbox 1035 2346 1181 2402; x_wconf 81' lang='lat' dir='ltr'><strong>insolentiis</strong></span> <span class='ocrx_word' id='word_1_74' title='bbox 1195 2300 1377 2420; x_wconf 68' lang='lat' dir='ltr'><strong>presumptis,</strong></span> <span class='ocrx_word' id='word_1_75' title='bbox 1390 2345 1564 2401; x_wconf 73' lang='lat' dir='ltr'><strong>canentibus</strong></span> 
     </span>
     <span class='ocr_line' id='line_1_13' title="bbox 632 2432 1469 2517; baseline -0.004 -25"><span class='ocrx_word' id='word_1_76' title='bbox 632 2434 745 2506; x_wconf 70' lang='lat' dir='ltr'><strong>treugis,</strong></span> <span class='ocrx_word' id='word_1_77' title='bbox 756 2434 791 2517; x_wconf 74' lang='lat' dir='ltr'><strong>ab</strong></span> <span class='ocrx_word' id='word_1_78' title='bbox 803 2448 914 2507; x_wconf 75' lang='lat' dir='ltr'><strong>unaque</strong></span> <span class='ocrx_word' id='word_1_79' title='bbox 927 2436 1059 2509; x_wconf 82' lang='lat' dir='ltr'><strong>partium,</strong></span> <span class='ocrx_word' id='word_1_80' title='bbox 1072 2436 1190 2509; x_wconf 85' lang='lat' dir='ltr'><strong>primurn</strong></span> <span class='ocrx_word' id='word_1_81' title='bbox 1199 2450 1288 2491; x_wconf 83' lang='lat' dir='ltr'><strong>tamen</strong></span> <span class='ocrx_word' id='word_1_82' title='bbox 1297 2432 1333 2489; x_wconf 83' lang='lat' dir='ltr'><strong>ab</strong></span> <span class='ocrx_word' id='word_1_83' title='bbox 1344 2434 1469 2507; x_wconf 75' lang='lat' dir='ltr'><strong>Anglieis.</strong></span> 
     </span>
    </p>
   </div>
   <div class='ocr_carea' id='block_1_5' title="bbox 574 2596 1591 2703">
    <p class='ocr_par' dir='ltr' id='par_1_6' title="bbox 574 2596 1591 2703">
     <span class='ocr_line' id='line_1_14' title="bbox 574 2596 1591 2703; baseline 0.002 -28"><span class='ocrx_word' id='word_1_84' title='bbox 574 2608 685 2677; x_wconf 85' lang='lat' dir='ltr'><strong>Porro</strong></span> <span class='ocrx_word' id='word_1_85' title='bbox 694 2604 886 2679; x_wconf 88' lang='lat' dir='ltr'><strong>currebant</strong></span> <span class='ocrx_word' id='word_1_86' title='bbox 901 2596 1033 2703; x_wconf 73' lang='lat' dir='ltr'><strong>treugae</strong></span> <span class='ocrx_word' id='word_1_87' title='bbox 1049 2630 1133 2679; x_wconf 90' lang='lat' dir='ltr'><strong>oum</strong></span> <span class='ocrx_word' id='word_1_88' title='bbox 1150 2604 1304 2703; x_wconf 68' lang='lat' dir='ltr'><strong>anglicis</strong></span> <span class='ocrx_word' id='word_1_89' title='bbox 1319 2604 1591 2703; x_wconf 59' lang='lat' dir='ltr'><strong>accepta-satis</strong></span> 
     </span>
    </p>
   </div>
   <div class='ocr_carea' id='block_1_6' title="bbox 398 2718 1590 2820">
    <p class='ocr_par' dir='ltr' id='par_1_7' title="bbox 398 2718 1590 2820">
     <span class='ocr_line' id='line_1_15' title="bbox 398 2718 1590 2820; baseline 0.002 -31"><span class='ocrx_word' id='word_1_90' title='bbox 398 2766 401 2773; x_wconf 91' lang='lat'><em>-</em></span> <span class='ocrx_word' id='word_1_91' title='bbox 521 2719 721 2818; x_wconf 73' lang='lat' dir='ltr'><strong>tranquillae</strong></span> <span class='ocrx_word' id='word_1_92' title='bbox 731 2735 766 2793; x_wconf 90' lang='lat' dir='ltr'><strong>et</strong></span> <span class='ocrx_word' id='word_1_93' title='bbox 774 2720 929 2820; x_wconf 82' lang='lat' dir='ltr'><strong>paciiicae</strong></span> <span class='ocrx_word' id='word_1_94' title='bbox 943 2721 1083 2793; x_wconf 89' lang='lat' dir='ltr'><strong>circiter</strong></span> <span class='ocrx_word' id='word_1_95' title='bbox 1097 2746 1162 2818; x_wconf 90' lang='lat' dir='ltr'><strong>per</strong></span> <span class='ocrx_word' id='word_1_96' title='bbox 1168 2744 1283 2794; x_wconf 88' lang='lat' dir='ltr'><strong>annos</strong></span> <span class='ocrx_word' id='word_1_97' title='bbox 1294 2719 1399 2793; x_wconf 86' lang='lat' dir='ltr'><strong>duos.</strong></span> <span class='ocrx_word' id='word_1_98' title='bbox 1415 2718 1485 2793; x_wconf 87' lang='lat' dir='ltr'><strong>Sed</strong></span> <span class='ocrx_word' id='word_1_99' title='bbox 1500 2743 1590 2793; x_wconf 92' lang='lat' dir='ltr'><strong>cum</strong></span> 
     </span>
    </p>
   </div>
   <div class='ocr_carea' id='block_1_7' title="bbox 524 2834 1592 4203">
    <p class='ocr_par' dir='ltr' id='par_1_8' title="bbox 524 2834 1592 4203">
     <span class='ocr_line' id='line_1_16' title="bbox 524 2834 1592 2932; baseline 0.001 -25"><span class='ocrx_word' id='word_1_100' title='bbox 524 2835 744 2932; x_wconf 88' lang='lat' dir='ltr'><strong>pedetentim</strong></span> <span class='ocrx_word' id='word_1_101' title='bbox 762 2834 896 2932; x_wconf 67' lang='lat' dir='ltr'><strong>anglici</strong></span> <span class='ocrx_word' id='word_1_102' title='bbox 918 2835 965 2908; x_wconf 85' lang='lat' dir='ltr'><strong>ab</strong></span> <span class='ocrx_word' id='word_1_103' title='bbox 983 2835 1109 2907; x_wconf 88' lang='lat' dir='ltr'><strong>ordine</strong></span> <span class='ocrx_word' id='word_1_104' title='bbox 1126 2834 1248 2909; x_wconf 82' lang='lat' dir='ltr'><strong>debito</strong></span> <span class='ocrx_word' id='word_1_105' title='bbox 1269 2836 1442 2932; x_wconf 88' lang='lat' dir='ltr'><strong>justitiam</strong></span> <span class='ocrx_word' id='word_1_106' title='bbox 1463 2835 1592 2910; x_wconf 85' lang='lat' dir='ltr'><strong>obser·</strong></span> 
     </span>
     <span class='ocr_line' id='line_1_17' title="bbox 524 2948 1590 3053; baseline 0.001 -33"><span class='ocrx_word' id='word_1_107' title='bbox 524 2948 636 3053; x_wconf 13' lang='lat' dir='ltr'><strong>rand-i</strong></span> <span class='ocrx_word' id='word_1_108' title='bbox 661 2948 883 3042; x_wconf 82' lang='lat' dir='ltr'><strong>deficerent,</strong></span> <span class='ocrx_word' id='word_1_109' title='bbox 909 2975 978 3023; x_wconf 92' lang='lat' dir='ltr'><strong>nec</strong></span> <span class='ocrx_word' id='word_1_110' title='bbox 1006 2974 1077 3023; x_wconf 82' lang='lat' dir='ltr'><strong>suae</strong></span> <span class='ocrx_word' id='word_1_111' title='bbox 1103 2952 1236 3023; x_wconf 72' lang='lat' dir='ltr'><strong>militia</strong></span> <span class='ocrx_word' id='word_1_112' title='bbox 1263 2950 1439 3050; x_wconf 88' lang='lat' dir='ltr'><strong>stipendia</strong></span> <span class='ocrx_word' id='word_1_113' title='bbox 1465 2950 1590 3024; x_wconf 86' lang='lat' dir='ltr'><strong>debita</strong></span> 
     </span>
     <span class='ocr_line' id='line_1_18' title="bbox 524 3062 1589 3165; baseline 0.004 -30"><span class='ocrx_word' id='word_1_114' title='bbox 524 3062 769 3158; x_wconf 77' lang='lat' dir='ltr'><strong>exsolverent,</strong></span> <span class='ocrx_word' id='word_1_115' title='bbox 793 3090 995 3144; x_wconf 82' lang='lat' dir='ltr'><strong>assuescere</strong></span> <span class='ocrx_word' id='word_1_116' title='bbox 1018 3066 1175 3165; x_wconf 91' lang='lat' dir='ltr'><strong>primum</strong></span> <span class='ocrx_word' id='word_1_117' title='bbox 1205 3069 1242 3138; x_wconf 94' lang='lat' dir='ltr'><strong>in</strong></span> <span class='ocrx_word' id='word_1_118' title='bbox 1265 3068 1387 3161; x_wconf 86' lang='lat' dir='ltr'><strong>terris,</strong></span> <span class='ocrx_word' id='word_1_119' title='bbox 1417 3091 1498 3165; x_wconf 86' lang='lat' dir='ltr'><strong>quaa</strong></span> <span class='ocrx_word' id='word_1_120' title='bbox 1516 3086 1589 3139; x_wconf 77' lang='lat' dir='ltr'><strong>suae</strong></span> 
     </span>
     <span class='ocr_line' id='line_1_19' title="bbox 526 3175 1590 3281; baseline 0.006 -34"><span class='ocrx_word' id='word_1_121' title='bbox 526 3175 669 3251; x_wconf 90' lang='lat' dir='ltr'><strong>ditionis</strong></span> <span class='ocrx_word' id='word_1_122' title='bbox 698 3196 819 3270; x_wconf 87' lang='lat' dir='ltr'><strong>erant,</strong></span> <span class='ocrx_word' id='word_1_123' title='bbox 850 3180 987 3281; x_wconf 77' lang='lat' dir='ltr'><strong>praedas</strong></span> <span class='ocrx_word' id='word_1_124' title='bbox 1003 3206 1129 3280; x_wconf 88' lang='lat' dir='ltr'><strong>agere,</strong></span> <span class='ocrx_word' id='word_1_125' title='bbox 1153 3196 1189 3255; x_wconf 90' lang='lat' dir='ltr'><strong>et</strong></span> <span class='ocrx_word' id='word_1_126' title='bbox 1212 3207 1296 3255; x_wconf 92' lang='lat' dir='ltr'><strong>cum</strong></span> <span class='ocrx_word' id='word_1_127' title='bbox 1317 3180 1459 3254; x_wconf 86' lang='lat' dir='ltr'><strong>larvatis</strong></span> <span class='ocrx_word' id='word_1_128' title='bbox 1482 3182 1590 3256; x_wconf 82' lang='lat' dir='ltr'><strong>sacie-</strong></span> 
     </span>
     <span class='ocr_line' id='line_1_20' title="bbox 525 3282 1589 3399; baseline 0.004 -34"><span class='ocrx_word' id='word_1_129' title='bbox 525 3291 609 3365; x_wconf 91' lang='lat' dir='ltr'><strong>bus¹</strong></span> <span class='ocrx_word' id='word_1_130' title='bbox 622 3294 766 3394; x_wconf 89' lang='lat' dir='ltr'><strong>publica</strong></span> <span class='ocrx_word' id='word_1_131' title='bbox 783 3285 910 3371; x_wconf 86' lang='lat' dir='ltr'><strong>itinera</strong></span> <span class='ocrx_word' id='word_1_132' title='bbox 925 3297 1090 3372; x_wconf 90' lang='lat' dir='ltr'><strong>obsidere</strong></span> <span class='ocrx_word' id='word_1_133' title='bbox 1108 3282 1460 3399; x_wconf 74' lang='lat' dir='ltr'><strong>coeperun13deinde</strong></span> <span class='ocrx_word' id='word_1_134' title='bbox 1480 3300 1589 3370; x_wconf 88' lang='lat' dir='ltr'><strong>etiam</strong></span> 
     </span>
     <span class='ocr_line' id='line_1_21' title="bbox 526 3410 1589 3511; baseline 0.004 -30"><span class='ocrx_word' id='word_1_135' title='bbox 526 3410 690 3507; x_wconf 87' lang='lat' dir='ltr'><strong>publice,</strong></span> <span class='ocrx_word' id='word_1_136' title='bbox 709 3436 774 3511; x_wconf 89' lang='lat' dir='ltr'><strong>per</strong></span> <span class='ocrx_word' id='word_1_137' title='bbox 784 3437 930 3511; x_wconf 90' lang='lat' dir='ltr'><strong>magnas</strong></span> <span class='ocrx_word' id='word_1_138' title='bbox 949 3414 1121 3508; x_wconf 85' lang='lat' dir='ltr'><strong>cohortes¹</strong></span> <span class='ocrx_word' id='word_1_139' title='bbox 1140 3428 1175 3487; x_wconf 92' lang='lat' dir='ltr'><strong>et</strong></span> <span class='ocrx_word' id='word_1_140' title='bbox 1196 3428 1346 3507; x_wconf 88' lang='lat' dir='ltr'><strong>turmas,</strong></span> <span class='ocrx_word' id='word_1_141' title='bbox 1367 3428 1480 3487; x_wconf 84' lang='lat' dir='ltr'><strong>totam</strong></span> <span class='ocrx_word' id='word_1_142' title='bbox 1496 3418 1589 3486; x_wconf 90' lang='lat' dir='ltr'><strong>Nor·</strong></span> 
     </span>
     <span class='ocr_line' id='line_1_22' title="bbox 527 3521 1587 3623; baseline 0.003 -30"><span class='ocrx_word' id='word_1_143' title='bbox 527 3523 708 3595; x_wconf 86' lang='lat' dir='ltr'><strong>manniam</strong></span> <span class='ocrx_word' id='word_1_144' title='bbox 725 3547 944 3620; x_wconf 85' lang='lat' dir='ltr'><strong>percursare,</strong></span> <span class='ocrx_word' id='word_1_145' title='bbox 961 3524 1007 3599; x_wconf 86' lang='lat' dir='ltr'><strong>ab</strong></span> <span class='ocrx_word' id='word_1_146' title='bbox 1022 3550 1097 3597; x_wconf 90' lang='lat' dir='ltr'><strong>uno</strong></span> <span class='ocrx_word' id='word_1_147' title='bbox 1115 3539 1273 3598; x_wconf 80' lang='lat' dir='ltr'><strong>extremo</strong></span> <span class='ocrx_word' id='word_1_148' title='bbox 1295 3550 1409 3623; x_wconf 89' lang='lat' dir='ltr'><strong>usque</strong></span> <span class='ocrx_word' id='word_1_149' title='bbox 1431 3521 1587 3598; x_wconf 85' lang='lat' dir='ltr'><strong>adalind</strong></span> 
     </span>
     <span class='ocr_line' id='line_1_23' title="bbox 526 3640 1586 3739; baseline 0.002 -29"><span class='ocrx_word' id='word_1_150' title='bbox 526 3646 610 3711; x_wconf 88' lang='lat' dir='ltr'><strong>cum</strong></span> <span class='ocrx_word' id='word_1_151' title='bbox 634 3640 774 3737; x_wconf 86' lang='lat' dir='ltr'><strong>magnis</strong></span> <span class='ocrx_word' id='word_1_152' title='bbox 796 3641 998 3738; x_wconf 79' lang='lat' dir='ltr'><strong>agminibus</strong></span> <span class='ocrx_word' id='word_1_153' title='bbox 1021 3640 1263 3734; x_wconf 78' lang='lat' dir='ltr'><strong>transeuntes,</strong></span> <span class='ocrx_word' id='word_1_154' title='bbox 1288 3641 1405 3734; x_wconf 87' lang='lat' dir='ltr'><strong>villas,</strong></span> <span class='ocrx_word' id='word_1_155' title='bbox 1432 3640 1586 3739; x_wconf 86' lang='lat' dir='ltr'><strong>burgos,</strong></span> 
     </span>
     <span class='ocr_line' id='line_1_24' title="bbox 526 3752 1590 3854; baseline -0.001 -27"><span class='ocrx_word' id='word_1_156' title='bbox 526 3758 741 3829; x_wconf 87' lang='lat' dir='ltr'><strong>monasteria</strong></span> <span class='ocrx_word' id='word_1_157' title='bbox 754 3770 790 3827; x_wconf 89' lang='lat' dir='ltr'><strong>et</strong></span> <span class='ocrx_word' id='word_1_158' title='bbox 809 3768 934 3830; x_wconf 83' lang='lat' dir='ltr'><strong>caetera</strong></span> <span class='ocrx_word' id='word_1_159' title='bbox 942 3755 1022 3830; x_wconf 88' lang='lat' dir='ltr'><strong>loca</strong></span> <span class='ocrx_word' id='word_1_160' title='bbox 1032 3758 1150 3831; x_wconf 88' lang='lat' dir='ltr'><strong>minus</strong></span> <span class='ocrx_word' id='word_1_161' title='bbox 1168 3758 1319 3848; x_wconf 89' lang='lat' dir='ltr'><strong>munita,</strong></span> <span class='ocrx_word' id='word_1_162' title='bbox 1340 3758 1436 3831; x_wconf 91' lang='lat' dir='ltr'><strong>unde</strong></span> <span class='ocrx_word' id='word_1_163' title='bbox 1454 3752 1590 3854; x_wconf 88' lang='lat' dir='ltr'><strong>aliquid</strong></span> 
     </span>
     <span class='ocr_line' id='line_1_25' title="bbox 526 3854 1590 3971; baseline 0.002 -32"><span class='ocrx_word' id='word_1_164' title='bbox 526 3871 698 3968; x_wconf 87' lang='lat' dir='ltr'><strong>consequi</strong></span> <span class='ocrx_word' id='word_1_165' title='bbox 718 3884 886 3968; x_wconf 82' lang='lat' dir='ltr'><strong>possent,</strong></span> <span class='ocrx_word' id='word_1_166' title='bbox 912 3854 1156 3961; x_wconf 79' lang='lat' dir='ltr'><strong>exactionare,</strong></span> <span class='ocrx_word' id='word_1_167' title='bbox 1186 3886 1222 3944; x_wconf 89' lang='lat' dir='ltr'><strong>et</strong></span> <span class='ocrx_word' id='word_1_168' title='bbox 1250 3872 1297 3945; x_wconf 91' lang='lat' dir='ltr'><strong>ad</strong></span> <span class='ocrx_word' id='word_1_169' title='bbox 1326 3871 1590 3971; x_wconf 86' lang='lat' dir='ltr'><strong>redemptiones</strong></span> 
     </span>
     <span class='ocr_line' id='line_1_26' title="bbox 526 3984 1592 4086; baseline 0.001 -30"><span class='ocrx_word' id='word_1_170' title='bbox 526 3999 730 4083; x_wconf 85' lang='lat' dir='ltr'><strong>perurgere.</strong></span> <span class='ocrx_word' id='word_1_171' title='bbox 745 3984 854 4073; x_wconf 90' lang='lat' dir='ltr'><strong>Quod</strong></span> <span class='ocrx_word' id='word_1_172' title='bbox 871 4009 955 4058; x_wconf 88' lang='lat' dir='ltr'><strong>cum</strong></span> <span class='ocrx_word' id='word_1_173' title='bbox 971 4010 1047 4058; x_wconf 89' lang='lat' dir='ltr'><strong>uno</strong></span> <span class='ocrx_word' id='word_1_174' title='bbox 1061 4000 1226 4085; x_wconf 90' lang='lat' dir='ltr'><strong>tempore</strong></span> <span class='ocrx_word' id='word_1_175' title='bbox 1246 3987 1372 4086; x_wconf 85' lang='lat' dir='ltr'><strong>aiiquis</strong></span> <span class='ocrx_word' id='word_1_176' title='bbox 1387 3987 1592 4084; x_wconf 86' lang='lat' dir='ltr'><strong>capitaneus</strong></span> 
     </span>
     <span class='ocr_line' id='line_1_27' title="bbox 527 4097 1590 4203; baseline 0.008 -35"><span class='ocrx_word' id='word_1_177' title='bbox 527 4097 573 4171; x_wconf 91' lang='lat' dir='ltr'><strong>de</strong></span> <span class='ocrx_word' id='word_1_178' title='bbox 590 4100 685 4174; x_wconf 77' lang='lat' dir='ltr'><strong>iacto</strong></span> <span class='ocrx_word' id='word_1_179' title='bbox 701 4102 1000 4201; x_wconf 71' lang='lat' dir='ltr'><strong>praesumpsisset,</strong></span> <span class='ocrx_word' id='word_1_180' title='bbox 1024 4101 1189 4201; x_wconf 86' lang='lat' dir='ltr'><strong>surgebat</strong></span> <span class='ocrx_word' id='word_1_181' title='bbox 1204 4105 1322 4177; x_wconf 91' lang='lat' dir='ltr'><strong>statim</strong></span> <span class='ocrx_word' id='word_1_182' title='bbox 1341 4104 1444 4198; x_wconf 88' lang='lat' dir='ltr'><strong>alius,</strong></span> <span class='ocrx_word' id='word_1_183' title='bbox 1462 4103 1590 4203; x_wconf 83' lang='lat' dir='ltr'><strong>prioris</strong></span> 
     </span>
    </p>
   </div>
   <div class='ocr_carea' id='block_1_8' title="bbox 526 4362 1588 4613">
    <p class='ocr_par' dir='ltr' id='par_1_9' title="bbox 526 4362 1588 4613">
     <span class='ocr_line' id='line_1_28' title="bbox 568 4362 1587 4447; baseline 0.007 -30"><span class='ocrx_word' id='word_1_184' title='bbox 568 4364 596 4417; x_wconf 82' lang='lat' dir='ltr'><strong>t.</strong></span> <span class='ocrx_word' id='word_1_185' title='bbox 612 4364 688 4421; x_wconf 85' lang='lat' dir='ltr'><strong>C’est</strong></span> <span class='ocrx_word' id='word_1_186' title='bbox 703 4374 776 4424; x_wconf 87' lang='lat' dir='ltr'><strong>cette</strong></span> <span class='ocrx_word' id='word_1_187' title='bbox 789 4366 984 4427; x_wconf 87' lang='lat' dir='ltr'><strong>circonstanoe</strong></span> <span class='ocrx_word' id='word_1_188' title='bbox 1000 4362 1051 4446; x_wconf 86' lang='lat' dir='ltr'><strong>qui</strong></span> <span class='ocrx_word' id='word_1_189' title='bbox 1069 4366 1111 4427; x_wconf 84' lang='lat' dir='ltr'><strong>lea</strong></span> <span class='ocrx_word' id='word_1_190' title='bbox 1131 4368 1163 4427; x_wconf 87' lang='lat' dir='ltr'><strong>iit</strong></span> <span class='ocrx_word' id='word_1_191' title='bbox 1175 4365 1294 4447; x_wconf 88' lang='lat' dir='ltr'><strong>appeler</strong></span> <span class='ocrx_word' id='word_1_192' title='bbox 1309 4372 1348 4426; x_wconf 82' lang='lat' dir='ltr'><strong>ies</strong></span> <span class='ocrx_word' id='word_1_193' title='bbox 1362 4368 1450 4445; x_wconf 68' lang='lat' dir='ltr'><strong>[auia</strong></span> <span class='ocrx_word' id='word_1_194' title='bbox 1462 4370 1587 4447; x_wconf 78' lang='lat' dir='ltr'><strong>oiraiges.</strong></span> 
     </span>
     <span class='ocr_line' id='line_1_29' title="bbox 526 4452 1588 4598; baseline 0.004 -87"><span class='ocrx_word' id='word_1_195' title='bbox 526 4452 602 4598; x_wconf 62' lang='lat' dir='ltr'><strong>¹Voly</strong></span> <span class='ocrx_word' id='word_1_196' title='bbox 611 4452 918 4597; x_wconf 46' lang='lat' dir='ltr'><strong>cllgarplc&#39;lturtr‘er,dans</strong></span> <span class='ocrx_word' id='word_1_197' title='bbox 929 4457 1079 4536; x_wconf 81' lang='lat' dir='ltr'><strong>Gadeiroy</strong></span> <span class='ocrx_word' id='word_1_198' title='bbox 1089 4470 1119 4517; x_wconf 86' lang='lat' dir='ltr'><strong>et</strong></span> <span class='ocrx_word' id='word_1_199' title='bbox 1128 4462 1251 4536; x_wconf 80' lang='lat' dir='ltr'><strong>lacques</strong></span> <span class='ocrx_word' id='word_1_200' title='bbox 1261 4456 1417 4535; x_wconf 82' lang='lat' dir='ltr'><strong>Duciarcq,</strong></span> <span class='ocrx_word' id='word_1_201' title='bbox 1426 4460 1588 4529; x_wconf 65' lang='lat' dir='ltr'><strong>thoires,</strong></span> 
     </span>
     <span class='ocr_line' id='line_1_30' title="bbox 540 4581 1516 4613; baseline 0.003 -11"><span class='ocrx_word' id='word_1_202' title='bbox 540 4581 549 4602; x_wconf 85' lang='lat'><strong>.</strong></span> <span class='ocrx_word' id='word_1_203' title='bbox 586 4582 595 4613; x_wconf 90' lang='lat'>‚</span> <span class='ocrx_word' id='word_1_204' title='bbox 651 4582 658 4596; x_wconf 85' lang='lat'><strong>·</strong></span> <span class='ocrx_word' id='word_1_205' title='bbox 707 4584 716 4600; x_wconf 89' lang='lat'><strong>.</strong></span> <span class='ocrx_word' id='word_1_206' title='bbox 1508 4586 1516 4605; x_wconf 86' lang='lat'><strong>.</strong></span> 
     </span>
    </p>
   </div>
   <div class='ocr_carea' id='block_1_9' title="bbox 0 0 1950 5892">
    <p class='ocr_par' dir='ltr' id='par_1_10' title="bbox 0 0 1950 5892">
     <span class='ocr_line' id='line_1_31' title="bbox 0 0 1950 5892; baseline 0 1"><span class='ocrx_word' id='word_1_207' title='bbox 0 0 1950 5892; x_wconf 95' lang='lat' dir='ltr'><strong> </strong></span> 
     </span>
    </p>
   </div>
  </div>
 </body>
</html>
