3892 5892
558 934 617 1000 lbi
846 926 1107 988 nistouttuun
1123 926 1258 989 cauom
1278 930 1331 986 vn

556 1080 663 1133 suum
682 1052 907 1157 deposuisset
921 1052 1151 1146 universum,
1175 1052 1240 1150 qui
1259 1050 1423 1149 proiecto
1445 1065 1520 1125 erat
1534 1076 1616 1127 nnn

557 1174 796 1269 minusquam
810 1168 938 1247 (luceru
946 1166 1099 1243 millium
1114 1168 1298 1265 equitum,
1315 1167 1406 1265 alios
1419 1166 1617 1267 lngiorum

556 1288 737 1387 principes
757 1310 802 1361 uo
823 1284 934 1361 duces
948 1296 1204 1373 contemnens,
1223 1282 1287 1381 qui
1295 1282 1507 1382 Rothomrmi
1521 1284 1615 1355 exsi-

556 1400 884 1508 stebant,regimini
895 1400 1004 1477 tutius
1016 1390 1208 1499 provincie
1219 1399 1480 1491 incumbentes,
1494 1400 1541 1473 ad
1555 1424 1615 1473 ar·

555 1545 645 1597 canu
663 1518 828 1618 qrmdum
843 1516 1090 1615 cnequenda,
1111 1540 1190 1615 quae
1210 1516 1316 1589 sciret
1331 1517 1430 1589 solus
1447 1516 1615 1589 neceni-

556 1658 667 1735 quam
705 1631 936 1725 mortalium,
970 1630 1089 1709 donec
1129 1630 1425 1723 absolverentur,
1466 1632 1614 1705 duceret

554 1748 745 1824 revelanda
761 1773 825 1821 seu
840 1746 1152 1853 communionnda,
1167 1749 1331 1827 animum
1340 1746 1507 1821 intendit.
1522 1752 1613 1821 Cum

556 1868 652 1936 enim
688 1864 745 1936 vel
772 1888 793 1935 a
817 1862 969 1936 ducibus
1001 1864 1057 1937 vel
1090 1888 1112 1937 a
1146 1864 1340 1954 militibus,
1368 1864 1499 1963 quibus
1538 1879 1613 1937 erat

556 1982 749 2081 imperator
765 1978 890 2069 datus,
914 1960 1011 2078 sepe¹
1028 1979 1074 2053 de
1094 2004 1138 2053 eo
1163 1978 1263 2079 quod
1287 2004 1390 2077 agere
1413 1978 1614 2052 intenderet

556 2121 619 2169 seu
633 2111 853 2197 proponeret
866 2086 1157 2199 interrogaretur,
1176 2104 1308 2193 magno
1324 2119 1408 2167 cum
1427 2096 1536 2167 animi
1550 2110 1614 2167 tu-

556 2237 657 2285 more
675 2226 711 2285 et
726 2210 914 2313 supercilio
933 2214 1051 2309 gravi,
1076 2210 1166 2285 nibil
1183 2210 1281 2285 aliud
1297 2212 1335 2284 in
1355 2215 1532 2311 responsis
1546 2210 1612 2283 da·

556 2329 636 2418 bat,
661 2344 702 2400 ut
728 2329 835 2425 uulgo
861 2328 947 2400 binc
972 2327 1175 2419 serebatur,
1211 2326 1280 2401 nisi
1306 2324 1428 2423 quod,
1453 2314 1482 2397 si
1509 2327 1615 2399 sciret

555 2438 688 2523 lincam
712 2444 917 2536 camisiam,
942 2466 1052 2541 qnam
1082 2442 1129 2516 ad
1157 2466 1303 2515 camem
1327 2440 1520 2535 vestiebat,
1544 2468 1614 2515 sune

436 2632 439 2637 .
555 2560 764 2633 intentionis
785 2574 820 2654 et
839 2556 1015 2657 propositi
1032 2558 1109 2631 lore
1132 2560 1335 2647 consciam,
1360 2582 1438 2630 eam
1452 2559 1615 2657 protinus

556 2675 799 2753 combustioni
823 2674 1078 2746 contraderet:
1107 2686 1180 2747 tam
1208 2674 1340 2748 elatum
1362 2688 1472 2771 atque
1498 2696 1615 2746 secre-

558 2805 636 2864 tum
655 2787 927 2888 essecupiebat
951 2788 1106 2860 arduum
1129 2789 1219 2863 illud
1244 2804 1280 2863 et
1304 2790 1475 2863 eximium
1498 2812 1611 2891 opus,

557 2908 657 3008 quod
669 2906 993 3006 seadimpleturum
1003 2905 1073 2979 sibi
1085 2906 1400 3009 ipsepromiseratl
1415 2909 1523 2998 Quod
1539 2908 1614 3005 ejus

558 3028 682 3124 utique
699 3024 924 3125 propositum
935 3081 947 3119 ,
967 3024 1014 3098 de
1036 3024 1252 3099 occultando
1271 3052 1351 3128 quae
1370 3052 1472 3127 agere
1492 3028 1614 3100 animo

558 3143 716 3239 gestiret,
743 3142 862 3242 ipsum
875 3168 878 3173 ·
891 3166 966 3237 non
991 3164 1138 3243 prorsus
1168 3166 1236 3217 nec
1262 3146 1412 3219 omnino
1438 3140 1610 3216 fefellerit.

557 3259 655 3333 Adeo
669 3261 766 3332 enim
777 3274 952 3332 secretum
964 3260 1172 3360 permansit,
1187 3276 1227 3333 ut
1242 3258 1406 3333 nondum
1421 3260 1616 3359 quidesse

557 3378 619 3476 qui
638 3378 799 3475 gestiret,
819 3400 924 3450 neca
939 3402 996 3472 se,
1015 3402 1081 3451 nec
1102 3378 1147 3450 ab
1169 3374 1240 3449 alio
1258 3378 1342 3449 sati‘s
1366 3376 1413 3449 ad
1438 3376 1614 3475 liquidum

557 3494 749 3593 comperiri
781 3492 968 3593 potuerit:
994 3508 1067 3566 tam
1090 3494 1197 3592 parvi
1212 3490 1386 3565 momenti
1414 3506 1450 3565 et
1483 3492 1614 3565 nullius

557 3612 721 3685 efficaciae
737 3610 949 3685 lumuntilla
964 3634 1043 3709 qnae
1059 3634 1182 3706 gerere
1194 3622 1246 3682 est
1259 3608 1467 3708 aggressus!

606 3728 740 3829 Spretis
765 3728 871 3827 igitur
887 3726 1052 3828 omniurn
1068 3724 1273 3798 mortalium
1298 3726 1477 3823 consiliis,
1504 3728 1612 3803 solius

556 3847 611 3917 sui
638 3843 752 3915 lidens
777 3859 813 3915 et
828 3866 901 3914 suae
926 3842 1068 3913 innixus
1090 3840 1313 3941 prudentiae,
1341 3844 1521 3917 associatis
1549 3846 1614 3919 sibi

557 3960 678 4034 multis
695 3986 738 4033 ex
766 3958 941 4029 veteranis
965 3955 1118 4029 ducibus
1144 3972 1179 4029 et
1203 3958 1373 4032 militibus
1396 3958 1610 4058 inglorum,

557 4078 620 4175 qui
645 4076 709 4148 diu
726 4076 764 4147 in
781 4074 928 4145 manda
943 4072 1154 4167 militarent,
1180 4072 1225 4147 ad
1243 4072 1332 4148 lines
1348 4078 1535 4149 Britanniae
1551 4084 1614 4150 Ar-

558 4194 702 4265 rnoricae
716 4190 911 4263 exereitum
926 4189 1096 4281 admovit,
1109 4190 1170 4262 ubi
1187 4190 1347 4291 quodam
1358 4206 1474 4266 castro
1486 4195 1615 4267 nullius

557 4333 658 4408 ptene
674 4298 862 4398 momenti,
882 4307 990 4408 vulgo
1010 4307 1186 4411 appellato
1208 4310 1402 4409 Laguiersae
1410 4312 1432 4403 ¹,
1451 4324 1612 4412 recepto,

598 4588 627 4644 t.
649 4584 731 4645 Lisez
744 4588 789 4645 ta
801 4584 936 4651 Guerrle.
951 4584 1027 4644 Uest
1040 4582 1068 4645 la
1081 4583 1213 4646 Guerche
1226 4582 1263 4645 de
1280 4588 1421 4673 bretagne
1434 4584 1613 4665 (ΙΙΙιι-οῑ-Τι·

558 4675 665 4751 ltine),
678 4673 729 4753 qui
743 4674 923 4756 appertenait
936 4675 1012 4737 alors
1028 4694 1065 4735 eu
1079 4672 1317 4754 duc'ddlencon.
