3892 5892
505 880 561 944 ur
789 872 1271 969 msrommuuctaomm

467 997 646 1099 ⁸terdum
680 1017 756 1070 esse
791 994 1057 1089 neeessariam,
1089 1016 1299 1096 quanquam
1331 992 1458 1094 atique
1489 994 1559 1075 siut

503 1110 709 1215 respublicae
731 1134 812 1217 quae
832 1108 968 1191 nnllam
990 1107 1140 1205 habere,
1172 1109 1240 1187 nisi
1261 1107 1350 1189 dum
1369 1109 1560 1191 necesstms

503 1227 701 1329 impulerit,
728 1242 876 1318 curcum
894 1250 976 1328 uua
992 1227 1098 1307 etiem
1116 1226 1343 1321 imminente,
1363 1252 1438 1307 non
1454 1223 1560 1337 aliam

504 1331 613 1445 quam
630 1342 676 1414 de
693 1342 848 1451 propriis
863 1340 1019 1425 civibus.
1043 1365 1065 1421 a
1086 1339 1217 1447 quihus
1238 1366 1380 1440 semper
1399 1366 1499 1423 arma
1522 1343 1560 1425 in

504 1456 616 1531 domo
645 1457 874 1563 inpromptu
906 1453 1105 1549 habentur,
1132 1455 1264 1539 habere
1290 1458 1427 1534 uolunt.
1462 1460 1562 1555 Etsi

506 1575 595 1645 sorte
614 1585 711 1647 tanta
726 1571 898 1667 ingruerit
912 1570 1102 1655 necessitas
1119 1586 1158 1647 nt
1180 1574 1289 1648 etiarn
1300 1572 1562 1653 conductitium

506 1688 655 1761 militem
663 1683 730 1765 sibi
743 1683 940 1765 adsciscere
954 1686 1193 1767 necessarium
1207 1686 1351 1781 ducant,
1370 1688 1407 1765 id
1417 1689 1561 1789 quidem

505 1804 640 1877 faciunt
660 1826 727 1901 pro
758 1800 870 1881 modo
899 1825 1135 1907 mensuraque
1161 1827 1304 1885 suarum
1333 1804 1560 1894 facultatum,

507 1917 643 1998 sublata
658 1906 984 2007 vcro‘necessitatc,
997 1916 1246 2014 hujuscemodi
1262 1919 1424 2001 militiam
1435 1974 1454 2011 ,-
1464 1923 1563 1999 tatis·

508 2035 600 2137 facto
629 2032 680 2105 eis
711 2057 779 2133 pro
804 2028 1061 2139 temporeque
1089 2034 1287 2109 servierunt
1313 2034 1359 2112 de
1386 2036 1564 2135 stipendio

508 2165 707 2243 convente,
725 2149 771 2231 ad
787 2151 934 2258 propria
949 2151 1147 2254 remittunt.
1227 2194 1231 2202 ‚

867 2413 1121 2487 caetruttttt
1146 2415 1204 2483 vt.

510 2601 589 2671 Quod
604 2601 729 2667 naturalis
748 2601 817 2676 regis
835 2600 945 2667 militia,
959 2600 1058 2673 absque
1069 2598 1246 2673 stipendiario
1262 2611 1341 2654 tanta
1353 2599 1564 2668 continuatione,

782 2687 817 2741 ad
829 2688 904 2761 regni
913 2688 1054 2742 tuitionem
1066 2688 1186 2743 sufficere
1197 2688 1290 2769 pouit.

559 2836 630 2911 Sed
645 2861 728 2909 enm
744 2840 965 2909 Francorum
982 2860 1133 2935 regnum
1155 2835 1201 2911 ab
1220 2836 1377 2935 antiquis
1402 2837 1567 2935 tempori·

511 2954 580 3030 bus
592 2966 802 3051 perpetuam
814 2948 1106 3047 ordinariamque
1120 2951 1238 3027 foveat
1249 2954 1490 3053 copiosissime
1501 2954 1568 3025 mi-

513 3066 640 3159 litiam,
666 3064 888 3142 nobilitatem
913 3064 1079 3139 videlieet
1098 3069 1217 3165 regni,
1245 3092 1354 3169 quam
1370 3066 1432 3145 ubi
1451 3091 1511 3139 rex
1530 3068 1568 3141 in

512 3183 667 3256 exercitu
694 3182 741 3256 de
761 3196 839 3253 toto
865 3207 977 3281 regno
1003 3208 1130 3285 eogere
1153 3184 1276 3274 veliet,
1302 3184 1394 3263 ultra
1418 3183 1569 3283 quadra-

513 3299 610 3402 ginta
637 3298 747 3377 millia
776 3298 939 3401 equitum
972 3324 1163 3380 numerum
1192 3299 1420 3391 ascenderet,
1444 3313 1570 3398 praeter

514 3413 715 3515 pedestrem
732 3412 895 3484 militiam
907 3438 1016 3510 quam
1028 3416 1254 3487 innumeram
1269 3441 1383 3514 paene,
1404 3416 1432 3487 si
1450 3415 1569 3507 vellet,

514 3532 702 3627 ingruente
718 3530 947 3621 necessitate,
966 3546 1086 3633 posset
1110 3530 1342 3625 contrahere,
1361 3530 1460 3609 nulla
1476 3544 1569 3611 cette

514 3638 717 3744 reipublicae
730 3644 861 3715 utilitas
878 3668 1070 3743 exposcere
1080 3644 1234 3735 videtur,
1246 3645 1338 3719 ultra
1354 3645 1570 3717 ordinariam

516 3763 694 3842 militiam,
726 3760 784 3831 cui
819 3786 883 3859 per
914 3784 1041 3832 omnes
1076 3764 1177 3859 regni
1210 3764 1411 3861 provincias
1446 3762 1571 3867 popuii

517 3877 875 3978 praediorum'eensus
889 3892 924 3948 et
939 3878 1079 3957 servitia
1095 3877 1216 3951 debita
1229 3877 1448 3981 dependunt,
1464 3875 1572 3951 aliam

517 3992 773 4077 conductitiam
794 3992 1094 4092 superinducere,
1114 4010 1151 4069 ct
1166 3993 1213 4067 ed
1229 3993 1405 4093 stipendia
1427 3992 1573 4067 ordina·

519 4112 590 4203 ria,
608 4134 712 4207 reque
724 4110 761 4180 in
777 4132 868 4208 paee
882 4123 918 4181 et
933 4108 1034 4180 nullo
1048 4110 1257 4184 imminente
1273 4108 1383 4202 betto,
1400 4106 1573 4205 quemad·

520 4208 669 4303 modum
682 4240 854 4333 praesente
871 4240 907 4297 et
921 4224 1095 4317 instante,
1114 4226 1232 4300 fovere
1249 4240 1354 4325 atque
1371 4239 1505 4298 tenere..

570 4343 675 4439 atqui
687 4341 781 4421 dicet
796 4340 973 4441 quispiam
984 4364 1128 4418 cumam
1139 4343 1313 4423 continuo
1329 4356 1575 4442 perpetuoque

520 4455 685 4548 subm,
714 4482 778 4532 serr
803 4471 950 4559 propter
969 4470 1106 4531 metum
1132 4458 1348 4555 anglorum,
1374 4456 1575 4555 antiquissi-

521 4591 664 4649 morum
680 4574 1024 4671 soemmimorumque
1039 4573 1195 4651 hostium
1212 4574 1329 4671 regni,
1348 4600 1410 4647 seu
1429 4586 1575 4677 propter
