3892 5892
562 824 621 881 aso
846 819 1103 881 utstommust
1122 818 1258 893 canon
1277 818 1331 875 vn

558 944 702 1045 jusdam
714 943 973 1045 propugnaculi
987 942 1215 1017 straminibus
1226 940 1400 1043 cooperti,
1411 940 1589 1013 emitteret
1595 940 1625 1025 ¹,

562 1062 600 1134 in
624 1086 802 1160 quocum
827 1062 1006 1155 immissus
1030 1060 1121 1159 ignis
1147 1060 1318 1151 haereret‚
1347 1059 1454 1158 ooepit
1482 1056 1628 1155 absque

561 1165 732 1252 dilatione
744 1192 780 1251 et
791 1176 982 1251 aedificium
993 1175 1082 1248 illud
1095 1174 1246 1249 adurere
1258 1194 1274 1269 ,'
1286 1189 1323 1248 et
1334 1176 1370 1247 in
1382 1174 1475 1249 aedes
1486 1172 1628 1247 vicinas

559 1280 668 1396 latius
681 1296 883 1395 propagari.
904 1296 995 1365 Cum
1017 1306 1136 1366 autern
1152 1292 1223 1365 hoc
1244 1290 1380 1365 videret
1399 1296 1624 1365 Francorum

561 1408 723 1482 militaris
749 1409 940 1502 exercitus,
959 1407 1085 1481 alacris
1109 1407 1203 1481 illico
1228 1407 1275 1481 ad
1292 1405 1623 1481 transcendendum

563 1523 694 1597 vallum
710 1523 882 1622 palosque
902 1520 1092 1621 arborum,
1112 1523 1259 1621 quibus,
1277 1523 1356 1627 vice
1377 1523 1493 1627 muri,
1518 1523 1623 1596 locus

561 1640 702 1713 clausus
717 1640 926 1739 cinctusque
942 1653 1036 1733 erat,
1055 1662 1130 1711 sese
1151 1621 1263 1711 dedit.
1288 1638 1359 1711 Sed
1379 1663 1463 1712 cum
1479 1638 1536 1727 hi,
1557 1639 1621 1736 qui

561 1757 658 1847 intus
676 1771 797 1849 erant,
814 1753 985 1829 viderunt
999 1752 1207 1829 incendium
1224 1751 1395 1845 dedomo
1412 1756 1451 1826 in
1470 1752 1622 1826 domum

561 1870 906 1972 transvolareseque
922 1869 1048 1945 durius
1066 1896 1108 1946 ac
1123 1870 1356 1969 periculosius
1378 1869 1531 1969 abigeis
1550 1869 1622 1943 ele-

562 1973 699 2079 mento,
715 2013 826 2088 quam
840 1988 886 2061 ab
898 1988 1017 2087 hoste,
1034 1986 1170 2061 bellum
1188 1986 1339 2089 perpeti,
1355 2001 1392 2061 et
1402 1986 1470 2086 ipsi
1484 2011 1505 2059 a
1520 1985 1621 2059 fumo

561 2102 740 2189 etsavillis
755 2124 844 2205 quos
861 2101 1032 2177 adversus
1047 2128 1109 2176 eos
1125 2116 1253 2176 ventus
1269 2101 1374 2175 valde
1391 2099 1619 2201 impellebat,

561 2221 714 2319 graviter
726 2236 990 2321 premerentur,
1006 2218 1130 2315 locum
1142 2218 1261 2318 ipsum
1274 2218 1321 2317 ab
1335 2216 1500 2297 hostibus
1514 2204 1623 2291 tutari

561 2335 709 2409 minime
725 2350 941 2436 potuerunt3
960 2335 1026 2411 sed
1042 2359 1227 2417 armorum
1241 2332 1419 2427 violentiae
1434 2332 1624 2407 incendio-

561 2475 631 2551 que
647 2428 838 2546 cedentes;
855 2454 999 2527 Francis
1020 2453 1220 2550 ingressum
1243 2450 1493 2551 permiserunt.
1514 2454 1558 2521 Et
1572 2452 1623 2523 ci·

561 2594 624 2642 ves
635 2568 805 2667 quidem,
826 2583 867 2642 ut
888 2566 1015 2642 melius
1038 2582 1251 2668 potuerant,
1276 2590 1344 2667 pro
1360 2564 1531 2641 salvanda
1550 2566 1623 2640 viu

562 2686 701 2759 diversa
719 2684 867 2758 latibula
884 2682 941 2757 vel
957 2684 1163 2757 orationum
1179 2681 1308 2755 domos
1328 2684 1529 2781 petierunt;
1554 2686 1622 2755 ln·

562 2801 644 2899 glici
659 2824 747 2874 vero
763 2800 899 2895 majore
916 2822 960 2869 ex
973 2812 1075 2895 parte
1092 2798 1128 2869 in
1146 2788 1341 2897 quamdam
1356 2800 1440 2874 satis
1457 2800 1622 2873 miseram

562 2938 699 3003 arcem,
722 2937 801 3010 quae
819 2911 889 2985 illic
907 2926 980 3001 est,
1000 2914 1283 3011 se'recepertmt.
1306 2904 1345 2986 ln
1364 2938 1435 3013 qua
1449 2940 1534 2987 cum
1551 2940 1623 3015 pne

562 3024 792 3100 multitudine
812 3025 918 3099 valde
942 3028 1138 3127 compressi
1162 3044 1298 3122 essent,
1325 3053 1394 3101 nec
1415 3028 1487 3103 ulla
1502 3054 1622 3105 rerum

562 3144 843 3248 necessariarum
858 3146 916 3219 vel
931 3148 1131 3249 pro-victu,
1149 3147 1207 3221 vel
1222 3170 1290 3247 pro
1309 3146 1517 3223 defensione
1533 3146 1621 3242 loci,
1641 3128 1653 3153 ⁸

562 3263 736 3337 haberent
755 3263 902 3356 solatia,
916 3265 984 3338 sub
1004 3266 1109 3363 certis
1131 3266 1243 3365 pactis
1263 3266 1405 3338 Francis
1422 3250 1622 3353 sededide-

562 3392 659 3453 runt.
678 3384 723 3451 tt
745 3380 814 3470 ita,
840 3378 1113 3478 quodammodo
1136 3378 1227 3453 ultra
1245 3404 1347 3481 spem
1368 3404 1492 3475 suam,
1519 3380 1622 3481 oppi-

563 3496 650 3569 dulo
663 3493 725 3568 illo
743 3495 1072 3589 Pontis-Odomari,
1090 3496 1176 3569 satis
1193 3496 1321 3569 misere
1336 3509 1372 3568 et
1387 3494 1523 3569 exiliter
1538 3510 1622 3569 mne

564 3611 723 3704 munito,
739 3610 867 3683 Franci
879 3610 984 3710 potiti
999 3624 1094 3684 sunt.

603 3766 634 3823 l.
648 3762 757 3822 Robert
766 3760 1199 3841 Blondelexpliquequec’etait
1210 3782 1267 3825 ane
1276 3762 1356 3825 fuste
1365 3764 1519 3827 d’artilioe:
1529 3768 1621 3827 «tou

562 3850 681 3931 quidam
694 3850 863 3909 adolescens
874 3869 913 3909 ex
925 3849 1038 3910 comitis
1054 3852 1084 3909 S.
1101 3850 1183 3910 Pauli
1195 3852 1320 3931 familia,
1342 3854 1412 3913 dum
1425 3854 1487 3915 sive
1503 3854 1620 3930 ludere,

563 3953 596 3999 ut
609 3940 762 3999 insolentia
772 3940 896 4015 juvenes
909 3938 987 4019 agit,
1000 3958 1063 4013 seu,
1078 3958 1159 3999 more
1173 3940 1282 4021 ingenii
1292 3942 1427 4019 humani,
1438 3943 1565 4005 difficilia
1578 3946 1621 4004 la·

562 4028 657 4090 ciendi
667 4028 782 4105 avidus,
795 4027 868 4107 quid
879 4043 989 4109 graecam
1000 4028 1074 4109 ignis
1086 4042 1190 4107 potest,
1204 4032 1333 4111 experiri
1345 4032 1443 4107 vellet,
1458 4034 1554 4105 mum
1564 4034 1622 4094 sul·

563 4121 627 4179 iure
641 4118 777 4199 ignitam,
790 4115 912 4178 ducibus
924 4117 1068 4177 bellorum
1083 4118 1267 4193 inconsultis,
1284 4120 1321 4181 ad
1336 4122 1490 4202 quamdam
1504 4122 1620 4185 domun

563 4209 784 4283 Pontulimaris‚
805 4206 911 4288 stipula
933 4220 963 4267 et
983 4206 1121 4267 stramine
1146 4222 1332 4288 coopertam,
1361 4212 1488 4271 maxiruo
1513 4212 1621 4293 impetu

561 4298 660 4357 traxit.
687 4302 797 4357 lterum
815 4296 905 4358 alium
928 4310 958 4357 et
977 4294 1065 4357 alium
1085 4297 1239 4372 transjecit.
1259 4300 1372 4361 Acriori
1390 4300 1526 4361 incendio
1547 4299 1620 4377 ades

562 4406 689 4447 accense
709 4400 939 4448 concremantur.
961 4392 1067 4469 Ingens
1091 4388 1200 4446 clamor
1220 4409 1253 4447 ac
1276 4388 1382 4468 ubique
1402 4391 1514 4451 subitus
1532 4408 1620 4471 pavor

562 4477 713 4537 exoritur:
730 4478 768 4538 ad
781 4480 881 4537 arma!
899 4475 938 4537 ad
955 4474 1070 4557 ignem!
1094 4476 1179 4535 simul
1206 4477 1400 4553 conclamant3
1416 4492 1444 4540 ct
1463 4478 1534 4539 villa
1557 4478 1620 4559 igne

561 4564 692 4625 sulfureo
705 4567 798 4626 ardet.
816 4591 830 4620 s
848 4572 974 4626 Assertio
987 4572 1179 4643 normannia,
1194 4565 1214 4626 l.
1233 4570 1273 4641 ll,
1290 4588 1317 4627 c.
1333 4590 1362 4626 ν.
1384 4568 1389 4575 “
