3892 5892
590 896 649 950 211
877 894 1131 954 fflstottlanun
1151 895 1287 953 CABOLI
1306 897 1359 952 vn

530 1082 533 1095 .
591 1019 628 1089 in
645 1041 776 1112 magno
789 1041 943 1088 numero
960 1018 1095 1112 aliquot
1115 1017 1327 1089 mansissent
1338 1015 1484 1106 diebus,
1499 1019 1644 1092 veniens

591 1157 713 1204 comes
737 1131 783 1204 de
809 1132 963 1228 stampis
978 1135 999 1221 ¹,
1032 1154 1126 1202 unus
1157 1130 1355 1228 praecipuus
1380 1131 1472 1204 inter
1501 1147 1644 1204 ceteros

591 1247 722 1320 militiae
738 1246 848 1320 duces
862 1270 954 1344 quos
969 1260 1055 1318 tuuc
1070 1244 1166 1318 idem
1181 1245 1254 1316 dux
1272 1245 1456 1346 Philippus
1471 1245 1642 1340 habebat,

589 1389 674 1436 cum
694 1365 778 1436 satis
799 1387 909 1463 parva
926 1361 1076 1434 militum
1093 1385 1222 1451 manu,
1241 1362 1448 1434 Gaudenses
1464 1365 1526 1460 qui
1543 1367 1645 1463 oppi-

590 1481 680 1562 dum
704 1479 916 1552 obsidebant
939 1477 1170 1576 expugnavit,
1194 1477 1386 1574 multisque
1405 1502 1531 1550 eorum
1557 1480 1645 1551 mili·

591 1595 686 1668 tihns
702 1595 759 1667 vel
773 1595 869 1666 caesis
888 1593 946 1669 vel
965 1594 1003 1664 in
1022 1617 1199 1690 aquarum
1225 1591 1422 1690 gurgitibus
1445 1595 1641 1684 suffocetis,

588 1714 746 1810 reliquos
762 1713 799 1782 in
816 1711 936 1807 lugam
953 1711 1069 1808 coegit
1080 1713 1104 1779 ¹.

637 1833 680 1905 Et
712 1829 785 1900 hoc
817 1828 974 1925 primum
1006 1825 1166 1925 praelium
1199 1825 1327 1898 initio
1358 1851 1432 1924 quo
1461 1828 1644 1901 infeliciter

588 1945 799 2016 dimicantes
830 1940 1051 2014 succubuere
1081 1941 1289 2015 Gandenses
1315 1969 1323 2012 ι
1354 1944 1452 2015 triste
1485 1945 1643 2042 proiectu

587 2061 786 2131 suturarum
810 2057 1052 2130 calamitatum
1074 2082 1219 2130 suarum
1244 2059 1457 2157 auspicium,
1488 2075 1526 2132 et
1548 2060 1644 2159 qnod

586 2176 686 2267 satis,
710 2175 740 2245 si
764 2195 892 2246 sanum
918 2173 1053 2270 aliquid
1079 2175 1296 2272 sapuissent,
1321 2199 1384 2246 eos
1406 2187 1487 2247 uta
1514 2189 1644 2248 temere

586 2289 706 2385 caeptis
721 2287 932 2360 desisterent
943 2301 979 2358 et
990 2309 1114 2384 pacem
1133 2288 1396 2384 perquirerent,
1414 2311 1644 2359 commonere

585 2400 785 2480 debuissetl
809 2402 879 2474 Sed
900 2403 993 2473 miro
1014 2403 1049 2474 in
1071 2403 1126 2473 sui
1146 2402 1291 2473 exitium
1313 2403 1482 2476 concitati
1503 2403 1643 2492 furore,

586 2543 654 2592 nec
671 2520 722 2590 si'c
742 2519 990 2590 imminentem
1013 2519 1065 2590 eis
1084 2517 1282 2590 exterminii
1300 2517 1438 2589 cladem
1461 2519 1644 2590 advertere

586 2649 800 2733 potuerunt,
833 2651 868 2706 et
901 2634 1026 2729 quod,
1057 2635 1162 2709 nimis
1196 2633 1348 2731 impares
1381 2648 1416 2705 et
1443 2632 1580 2706 viribus
1612 2647 1644 2705 et

585 2751 712 2839 armis,
732 2764 859 2821 contra
877 2764 947 2820 tam
964 2763 1150 2845 potentem
1168 2763 1424 2845 strenuumque
1446 2750 1643 2848 principem

583 2864 868 2957 bellumtenrcre
887 2867 1004 2936 exorsi
1025 2864 1153 2937 essent.
1176 2867 1278 2937 Unde
1298 2865 1417 2943 adhuc
1436 2867 1474 2937 in
1495 2891 1643 2966 campos

584 2993 761 3074 patentes,
782 2993 880 3048 extra
896 2978 1071 3076 oppidum
1091 3005 1216 3068 suum,
1233 2981 1363 3052 iterum
1385 2995 1490 3076 atque
1514 2985 1642 3055 iterum

583 3093 678 3163 exire
703 3108 1021 3190 praesumpserunt,
1042 3109 1124 3169 ante
1148 3096 1314 3172 ultimum
1343 3095 1501 3193 praelium
1520 3094 1641 3196 [apud]

583 3222 737 3278 castrum
761 3213 874 3279 Gerre
888 3211 899 3244 ³
914 3207 1093 3298 habitum,
1122 3210 1219 3306 qnod
1248 3235 1309 3281 eos
1333 3235 1443 3311 nsque
1464 3235 1579 3310 prope
1599 3211 1642 3283 ad

585 3321 732 3394 totalem
760 3323 1039 3396 internecionem
1069 3325 1259 3428 prostravit
1288 3349 1329 3396 ec
1360 3325 1501 3397 delevit.
1528 3327 1641 3398 Semel

585 3440 731 3537 quidem
768 3464 880 3538 prope
919 3455 1074 3511 castrum
1112 3439 1388 3538 Rupelmondae,
1419 3465 1503 3512 cum
1533 3443 1641 3513 multa

584 3580 711 3628 eorum
743 3556 854 3633 millia
886 3558 1071 3644 exiissent,
1105 3558 1355 3650 congressione
1384 3558 1515 3633 militiae
1543 3557 1640 3632 ducis

584 3686 709 3747 contra
722 3695 787 3748 eos
798 3671 902 3763 iacta,
915 3673 1020 3746 etiam
1037 3669 1219 3744 infeliciter
1232 3671 1334 3744 valde
1351 3675 1512 3771 oppressi
1526 3675 1637 3760 srrnt‘‚

627 3892 655 3949 1.
675 3893 745 3948 Jeau
759 3935 768 3963 ,
781 3902 874 3960 contre
887 3879 1067 3972 d’litarupes‚
1083 3888 1119 3948 de
1132 3888 1161 3950 le
1175 3891 1285 3952 insisou
1302 3889 1337 3950 de
1352 3895 1478 3964 Nevers,
1502 3893 1553 3973 qui
1575 3891 1640 3950 e'tait

585 3999 642 4038 une
652 3978 780 4037 branche
793 3977 829 4038 de
842 3980 915 4038 celle
929 3979 965 4039 de
980 3983 1162 4058 Bourgogne.

623 4073 653 4130 2.
674 4071 712 4127 21
724 4070 796 4128 avril
810 4073 896 4131 1⁴52.

626 4163 655 4220 3.
677 4159 852 4218 lechdteau
866 4159 903 4217 dc
919 4161 1032 4233 Gerre,
1051 4159 1154 4222 itrois
1165 4159 1256 4220 lienes
1276 4160 1312 4220 de
1331 4160 1424 4222 Gand.
1449 4165 1503 4222 Les
1522 4159 1639 4220 Gantois

584 4249 699 4314 avaient
718 4249 883 4326 columenve
900 4249 941 4307 les
953 4249 1094 4312 hostiliter
1113 4269 1165 4328 par
1183 4249 1211 4308 la
1224 4251 1301 4330 prise
1314 4249 1352 4310 de
1367 4261 1439 4312 cute
1457 4249 1550 4330 place.
1567 4251 1639 4310 C'cst

583 4339 691 4397 devant
702 4359 746 4396 ses
759 4359 837 4396 murs
851 4343 950 4417 qu’eut
962 4339 1020 4399 lieu
1034 4340 1098 4398 leur
1109 4338 1241 4398 dernierc
1252 4341 1366 4401 delate.

625 4431 654 4484 l.
677 4431 717 4483 Le
731 4430 769 4483 16
783 4427 847 4500 juin
861 4430 949 4486 lton.
968 4431 1047 4487 Cette
1061 4429 1153 4488 action
1169 4429 1336 4488 nrannroius
1349 4431 1433 4489 coirta
1450 4431 1520 4488 cher
1533 4450 1569 4488 au
1584 4425 1636 4486 duc

585 4513 621 4572 de
638 4517 883 4592 llrrnrgogrrc31es
903 4517 1022 4576 Gantois
1036 4517 1077 4576 lni
1100 4520 1212 4576 tuerent
1229 4538 1280 4576 son
1301 4517 1402 4582 baron
1421 4519 1594 4586 hieu-ainsi,
1611 4517 1636 4572 lt·

584 4603 684 4680 prince
697 4605 850 4666 Curnrilic.
