3892 5892
778 828 888 885 LIBER
906 828 1071 887 TERTIUS.
1392 830 1445 887 121

399 949 503 1023 solito
523 952 631 1023 etiam
653 929 789 1047 majora
811 949 950 1023 noviter
974 949 1057 1023 illuc
1081 974 1124 1023 ex
1151 948 1274 1048 Anglia
1289 952 1451 1025 intravis-

399 1068 523 1165 sent),
553 1066 790 1139 necessarium
813 1080 887 1139 erat
910 1070 1066 1139 Francos
1091 1090 1239 1139 manum
1265 1066 1451 1139 militarem

398 1182 532 1257 habere
548 1184 696 1256 multam
710 1198 746 1256 et
761 1183 914 1255 validam
930 1198 1164 1280 strenuosque
1175 1182 1283 1255 duces
1299 1182 1346 1255 ad
1360 1206 1452 1283 opus

397 1298 646 1396 hujuscemodi
660 1298 929 1399 perficiendum.
953 1304 1076 1397 ltaque
1090 1313 1239 1396 propter
1262 1298 1334 1371 hoc
1361 1323 1453 1396 opus

398 1417 537 1488 noviter
553 1415 787 1489 adventarant
808 1414 912 1487 multi
936 1419 1153 1487 Francorum
1170 1415 1306 1512 equites
1333 1415 1452 1487 Ponti·

397 1552 512 1603 saram
541 1529 644 1605 etad
670 1530 738 1603 alia
763 1530 878 1603 vicina
904 1529 1037 1629 oppida
1059 1528 1125 1601 sub
1152 1529 1282 1602 ducatu
1311 1528 1449 1620 llrturi,

397 1645 536 1717 comitis
553 1644 837 1736 Riobemnndiae,
851 1644 1104 1719 constabularii
1118 1646 1290 1734 Franciae,
1307 1659 1344 1717 et
1355 1643 1453 1716 illus·

397 1760 459 1832 tris
480 1761 620 1831 comitis
647 1760 836 1833 Dunensis.
864 1762 999 1831 Contra
1026 1784 1182 1857 quorum
1211 1759 1452 1832 incursionem

397 1899 480 1947 curn
513 1877 699 1947 communi
734 1874 961 1971 intelligentia
994 1890 1224 1974 procuratum
1254 1875 1375 1946 luisset
1414 1888 1453 1946 ut

397 1989 558 2087 praesidia
577 1989 789 2085 anglorum,
808 2014 887 2086 quae
901 1990 939 2061 in
955 1988 1046 2062 urbe
1070 2005 1188 2079 erant,
1211 1990 1306 2063 foras
1327 1989 1372 2063 ad
1387 2014 1453 2089 pa·

398 2118 512 2175 tentes
533 2127 680 2201 campos
698 2104 883 2194 exiissent,
904 2102 950 2175 ab
966 2103 1214 2200 hujuscemodi
1234 2111 1454 2177 Francorum

398 2217 549 2295 ducibus
558 2219 717 2291 exstincti
728 2218 824 2291 fuere
837 2245 845 2289 ι
858 2219 1030 2318 perqnod
1040 2219 1156 2292 aditus
1163 2221 1308 2293 faciliter
1316 2220 1453 2293 civibus

398 2332 565 2429 praebitus
587 2348 639 2407 est
663 2332 709 2405 ad
726 2348 985 2433 compactatam
1002 2332 1222 2407 deditionem
1237 2334 1449 2407 faciendam.

446 2447 1453 2547 Sequentiitaqueproximoveltertiodie,inbebdomada

399 2562 554 2635 Paschae¹
578 2588 648 2663 qua
678 2566 951 2637 resurrectionis·
968 2565 1156 2640 dominicae
1178 2565 1350 2638 solemnia
1370 2590 1452 2661 age·

397 2674 544 2769 bantur,
575 2702 672 2751 anno
701 2678 888 2782 dominicae
919 2681 1172 2753 incarnationis
1198 2704 1449 2772 uccccxxxvr,

397 2790 634 2866 adventarunt
658 2794 792 2893 praelati
823 2799 1043 2867 Francorum
1064 2794 1176 2867 duces
1197 2820 1281 2868 cum
1306 2808 1452 2867 strenuo
1541 2822 1546 2835 ·

399 2906 509 2980 milite
525 2906 673 2981 domino
695 2908 742 2981 de
758 2908 1001 3001 Insula-Adae,
1017 2911 1080 3008 qui
1092 2910 1199 3001 alias,
1218 2925 1259 2983 ut
1277 2934 1386 3008 supra
1399 2934 1453 2981 re·

397 3030 582 3120 terimm’,
598 3031 760 3103 eamdem
774 3032 900 3104 urbem
909 3031 971 3104 diu
985 3048 1068 3108 ante
1077 3058 1144 3131 pro
1156 3031 1452 3131 Burgundionum

399 3141 489 3213 duce
506 3146 683 3239 ingressus
706 3146 820 3218 luerat
842 3162 949 3245 atque
969 3162 1171 3246 receperat,
1195 3162 1230 3219 et
1252 3149 1299 3220 ad
1320 3150 1451 3221 moenia

399 3270 505 3353 atque
519 3256 653 3331 vallum
668 3258 766 3332 urbis
783 3283 884 3331 suam
904 3260 1066 3332 militiam
1081 3261 1330 3334 admoverunt.
1352 3268 1453 3351 Quos

399 3395 483 3443 curn
503 3388 664 3447 auctores
680 3374 871 3447 deditionis
887 3388 1108 3474 perportant
1123 3375 1239 3448 Sancti
1256 3376 1379 3448 Jacobi
1394 3379 1451 3447 in·

402 3486 597 3561 tromittere
615 3504 830 3587 satagerent,
853 3488 1079 3562 obstantibus
1096 3490 1158 3587 qui
1178 3489 1249 3561 illic
1265 3490 1452 3563 adstabant

402 3604 626 3698 custodibus,
646 3607 792 3679 minime
808 3621 951 3705 portam
972 3606 1110 3707 aperire
1127 3606 1325 3679 valuerunt.
1343 3612 1453 3679 Erant

399 3724 495 3796 enim
512 3722 615 3794 multi
631 3722 748 3795 adbuc
758 3724 894 3819 anglici
907 3738 942 3796 et
955 3748 1099 3795 suarum
1114 3722 1360 3796 studiosissimi
1371 3746 1452 3821 par·

399 3840 488 3913 tium
504 3840 747 3939 quamplures,
767 3839 829 3939 qni
844 3840 952 3912 annis
977 3838 1146 3920 obsistere
1160 3839 1305 3912 conatui
1320 3838 1452 3910 civium

440 4104 469 4161 l.
492 4106 603 4183 quues
613 4104 711 4167 tomba
724 4118 797 4167 cette
817 4106 909 4167 annde
925 4106 953 4168 le
966 4110 984 4165 8
996 4108 1086 4182 arril;
1100 4106 1258 4167 laderoute
1271 4104 1323 4165 des
1335 4104 1452 4184 anglais

400 4204 449 4251 eut
459 4191 517 4251 lieu
530 4195 603 4296 dans
615 4194 644 4253 la
661 4195 725 4255 nuit
741 4196 781 4255 du
798 4199 836 4255 lu
852 4216 889 4255 ιιιι
903 4200 936 4254 Η
955 4197 1028 4255 avril
1042 4219 1052 4271 3
1073 4196 1102 4255 la
1113 4196 1190 4275 prise
1205 4192 1243 4255 de
1256 4194 1335 4255 Paris
1349 4206 1393 4253 est
1410 4193 1451 4254 dn

399 4280 640 4431 vegdrgtsggn,
662 4394 692 4452 p.
713 4378 761 4436 28.
779 4372 854 4435 C'est
871 4373 913 4435 lui
932 4372 983 4452 qui
998 4373 1068 4433 &tait
1087 4373 1210 4433 l’antenr
1227 4371 1305 4433 dela
1321 4373 1398 4451 prise
1412 4374 1450 4435 de

400 4458 546 4530 Pontoise,
560 4462 712 4539 rapporte'e
726 4482 764 4521 au
777 4474 1022 4524 commencement
1031 4462 1068 4521 de
1080 4482 1114 4521 ce
1126 4461 1255 4540 chapitre
1262 4483 1272 4534 3
1283 4464 1355 4523 mais
1368 4466 1385 4523 l
1397 4482 1451 4527 son

401 4560 468 4613 tour
480 4546 502 4607 il
516 4546 610 4629 perdit
622 4562 695 4609 cette
703 4550 785 4631 place
795 4552 873 4611 laute
885 4550 922 4611 de
933 4551 1123 4613 surreillance
1133 4570 1171 4611 en
1184 4552 1273 4615 ltus.
