3892 5892
557 931 615 990 325
842 928 1099 991 fllswtttatttttt
1121 931 1257 992 canon
1280 933 1335 990 vu

552 1053 780 1154 proposuisse
793 1053 917 1151 qnod,
934 1079 1042 1126 suasu
1058 1068 1093 1127 et
1108 1055 1143 1130 in
1161 1054 1320 1142 savorem
1340 1055 1519 1130 Ludovici
1542 1058 1622 1130 Del·

553 1167 672 1267 pbini,
698 1167 859 1264 degentis
888 1181 975 1239 tunc
999 1156 1101 1268 'apud
1135 1169 1432 1267 Burgundionum
1461 1169 1618 1264 ducem,

554 1283 688 1356 dictam
705 1283 931 1356 molitionem
945 1282 1110 1356 lecisset¹.

602 1403 819 1496 Quanquam
835 1413 953 1470 nartem
969 1398 1006 1468 in
1022 1397 1231 1495 capitalibus
1247 1400 1363 1498 poenis
1379 1401 1621 1500 exsequendis

551 1515 846 1615 clementissimus
873 1528 981 1604 esset,
1014 1529 1131 1586 tamen
1162 1515 1209 1587 ad
1238 1514 1445 1613 pellendum
1471 1517 1524 1590 dc
1548 1517 1620 1588 suis

550 1622 750 1705 honoribus
763 1655 855 1729 qnos
868 1631 904 1700 in
923 1630 1120 1703 domestica
1137 1630 1369 1704 familiaritate
1384 1631 1615 1720 sublimabat,

551 1761 586 1820 et
607 1773 674 1846 pro
692 1762 852 1846 tempore
872 1743 968 1816 velut
989 1745 1122 1816 caeteris
1137 1746 1325 1844 primiores
1347 1763 1454 1844 atque
1472 1746 1617 1848 praecel·

551 1864 719 1936 lentiores
735 1861 833 1960 apud
849 1885 888 1932 se
910 1858 1109 1951 babuerat,
1127 1862 1210 1934 satis
1238 1861 1347 1934 facilis
1372 1877 1461 1935 erat.
1482 1863 1616 1936 Multos

465 1981 468 1994 '
547 1982 666 2068 enim,
684 2002 769 2051 curn
792 1976 976 2074 aliquanto
1000 1991 1161 2076 tempore
1183 2001 1267 2076 erga
1286 2003 1325 2052 se
1343 1980 1504 2052 maximo
1532 1979 1612 2052 loeo

548 2094 662 2168 babiti
686 2093 853 2186 luissent,
879 2117 901 2164 a
925 2116 992 2164 suo
1015 2091 1132 2188 abegit
1157 2095 1339 2166 consortio
1362 2109 1398 2167 et
1418 2095 1611 2182 comitatu,

549 2209 686 2282 sedita
712 2222 897 2281 mansuete
922 2232 991 2280 nec
1022 2207 1178 2279 severim
1210 2232 1320 2306 quam
1350 2206 1474 2307 quod,
1509 2209 1612 2282 salvis

548 2325 657 2399 bonis
668 2327 760 2416 suis,
779 2325 946 2424 proprios
957 2322 1047 2397 lares
1060 2337 1274 2422 repeterent.

595 2441 693 2514 Fidei
708 2463 750 2513 ac
769 2439 1028 2539 promissorum
1046 2439 1290 2512 tenacissimus
1314 2438 1399 2529 luit,
1418 2440 1467 2512 ita
1484 2437 1608 2538 quod,

545 2560 575 2632 si
597 2559 675 2646 cui,
700 2555 830 2629 infimae
855 2556 961 2628 sortis
988 2555 1095 2628 etiam
1120 2553 1278 2646 homini,
1301 2555 1502 2654 quidquam
1528 2578 1609 2628 eum

545 2671 697 2771 simplici
730 2669 841 2743 verbo
868 2671 1073 2770 promisisse
1097 2668 1225 2766 aliquis
1252 2683 1463 2770 testaretur,
1493 2670 1610 2744 statim

547 2791 644 2863 velut
660 2813 683 2861 a
699 2812 736 2860 se
750 2786 966 2886 promissum
980 2784 1113 2858 exsolvi
1130 2799 1238 2884 atque
1250 2785 1390 2884 impleri
1408 2787 1606 2860 mandaret.

547 2903 747 2977 officiarios
762 2901 861 2996 regni
882 2901 937 2970 sui
962 2900 1034 2971 suis
1050 2899 1178 2971 officiis
1195 2900 1349 2992 moveri,
1376 2902 1444 2974 nisi
1461 2901 1554 2976 sorte
1570 2912 1607 2972 ut

546 3016 594 3088 ad
609 3015 736 3086 altiora
753 3010 1058 3110 proveherentur,
1077 3014 1256 3087 rarissime
1271 3027 1378 3112 atque
1402 3017 1608 3114 parcissime

542 3129 728 3218 sustinuit,
746 3145 782 3203 et
806 3129 874 3200 nisi
892 3143 1042 3228 propter
1057 3130 1236 3203 evidentia
1257 3131 1408 3204 crimina
1429 3148 1492 3205 aut
1509 3131 1605 3206 dese·

546 3260 638 3336 ctus,
652 3246 832 3346 permissa
841 3245 892 3319 eis
909 3245 1015 3318 etiam
1032 3246 1151 3318 omnis
1167 3245 1382 3318 defensionis
1397 3248 1517 3346 copia,
1534 3247 1607 3320 sine

545 3387 619 3462 qua
644 3387 831 3462 nunquam
856 3360 1012 3461 aliquem
1044 3360 1164 3434 officio
1189 3361 1359 3434 destituit.
1388 3363 1490 3436 Unde
1517 3364 1605 3436 miro

546 3479 657 3552 modo
673 3479 719 3552 ab
735 3479 915 3552 officiariis
931 3478 1030 3576 regni
1045 3476 1174 3550 charus
1188 3476 1402 3550 habebatur.

867 3725 1123 3795 CAPITULUM
1149 3725 1272 3796 XXVI.

728 3897 762 3950 In
773 3895 869 3969 quibus
879 3895 991 3949 Carolus
1003 3913 1050 3948 rex
1061 3895 1157 3968 injuste
1167 3893 1286 3950 sabditos
1297 3897 1423 3969 gravavit.

596 4048 705 4140 Quod
729 4071 816 4121 vero
841 4047 936 4143 juste
961 4047 1082 4145 negari
1108 4070 1182 4119 non
1208 4061 1342 4146 potest,
1367 4051 1405 4122 in
1425 4049 1604 4148 exigendis

545 4163 776 4264 vectigalibus
791 4177 827 4235 et
843 4161 985 4234 tributis
999 4185 1021 4233 a
1039 4159 1187 4260 plebeiis
1202 4175 1239 4233 et
1255 4161 1489 4262 popularibus
1507 4165 1602 4262 regni

545 4284 620 4372 sui,
650 4282 803 4353 maxime
826 4293 1037 4378 postquam,
1063 4302 1083 4348 e
1109 4279 1329 4350 Normannia
1356 4294 1389 4352 et
1416 4281 1603 4377 Aquitania

544 4397 654 4497 pulsis
671 4395 842 4492 Anglicis,
863 4407 980 4466 totum
1008 4416 1158 4490 regnum
1185 4393 1333 4492 pacifice
1356 4409 1391 4468 et
1415 4396 1602 4493 tranquille

542 4671 552 4730 l
584 4586 613 4643 l.
635 4579 820 4662 Paragraplre
837 4577 975 4639 nerone
992 4575 1064 4637 dans
1083 4576 1125 4637 les
1144 4581 1267 4636 Annales
1280 4581 1424 4638 Flandrte
1441 4579 1478 4640 de
1491 4583 1600 4657 ueyer.

556 4715 563 4732 .
579 4673 656 4733 XVI.
