3892 5892
765 904 874 963 Lmtttt
890 906 1056 965 matus.
1366 906 1428 966 tttt

374 1030 592 1099 Francorum
617 1024 692 1121 regi
706 1018 849 1124 suisque
864 1052 941 1103 nou
957 1028 1071 1102 invisa
1095 1050 1162 1103 uec
1183 1030 1322 1127 ingrata
1345 1030 1425 1107 luit.

375 1125 690 1231 Quemadmodum
708 1142 824 1234 enim,
847 1156 887 1215 ut
905 1144 1054 1241 tragicus
1072 1144 1210 1242 inquit,
1230 1168 1355 1245 pacem
1372 1172 1430 1221 re-

375 1255 459 1329 duci
475 1254 567 1329 velle
592 1255 687 1327 victo
711 1280 855 1330 necesse
876 1270 951 1348 est,
971 1258 1021 1331 sic
1044 1272 1079 1329 ct
1095 1258 1220 1330 victori
1245 1261 1389 1360 expedit
1405 1266 1427 1334 ¹.

376 1376 460 1443 Erat
484 1369 736 1467 utiquc‘ralde
764 1370 959 1471 expediens
984 1386 1020 1444 et
1052 1373 1126 1468 regi
1150 1387 1185 1447 et
1210 1388 1287 1447 toto
1318 1402 1437 1473 regno.

376 1492 610 1572 Francorum,
629 1485 872 1560 miserabiliter
894 1488 1028 1586 ubique
1046 1487 1207 1562 desolato
1226 1506 1262 1563 et
1283 1492 1427 1585 attrito,

377 1615 417 1674 ut
440 1600 589 1697 alicujus
609 1614 740 1696 treugae
761 1600 816 1673 vel
841 1602 940 1699 pacis
963 1602 1209 1675 consolatione
1228 1606 1428 1706 respiraret.

377 1722 468 1790 Cum
497 1719 616 1819 itaque
644 1742 752 1817 supra
775 1718 907 1815 treugis
933 1732 1040 1817 atque
1067 1722 1272 1817 nuptiarum
1299 1722 1431 1797 loedere

377 1832 479 1906 multi
487 1847 685 1908 conventus
695 1857 949 1932 sermonesque
964 1833 1078 1907 habiti
1094 1837 1177 1909 satis
1189 1837 1253 1909 diu
1266 1838 1429 1929 luissent,

377 1947 522 2021 taudem
536 1942 730 2049 [tractatus]
740 1948 787 2021 de
801 1962 954 2045 utroque
968 1946 1157 2023 ambarum
1173 1953 1329 2052 partium
1343 1980 1432 2027 con·

378 2088 486 2137 seusu
500 2064 660 2137 firmatus
672 2064 738 2134 fuit
746 2092 758 2153 5
776 2062 990 2161 fueruntque
1003 2067 1244 2161 ueugaednirae
1261 2081 1296 2140 et
1307 2070 1434 2166 juratae

378 2180 586 2278 interreges
601 2196 782 2280 etregua,
802 2179 979 2253 loederatis
1001 2182 1185 2279 utriusque
1211 2184 1248 2255 in
1268 2185 1319 2257 eis
1335 2212 1435 2259 corn·

378 2295 575 2393 prehensis.
595 2298 682 2383 Quae
708 2309 838 2393 treugae
859 2297 976 2395 primo
997 2295 1144 2392 quidem
1166 2296 1213 2370 ad
1241 2302 1435 2373 triennium

380 2411 436 2482 vel
452 2412 591 2483 circiter
598 2417 622 2502 ¹,
638 2410 705 2483 sub
730 2436 793 2511 spe
814 2412 912 2510 pacis
936 2412 972 2484 in
979 2412 1083 2485 terim
1101 2413 1316 2505 tractandae,
1339 2418 1437 2491 factae

380 2526 534 2618 luerunt,
554 2526 786 2626 postmodum
802 2551 889 2600 vero
906 2551 971 2626 per
988 2527 1102 2601 varias
1114 2528 1208 2600 vices
1221 2545 1433 2629 prorogatae,

381 2654 421 2713 ut
431 2642 478 2714 ad
488 2643 776 2740 quinquennium
786 2666 911 2740 usque,
926 2642 982 2714 vel
991 2642 1101 2745 paulo
1110 2642 1278 2742 amplius,
1295 2670 1438 2745 proces·

380 2758 502 2831 serint.
524 2761 702 2846 Quantam
718 2772 841 2830 autern
857 2757 1044 2830 utilitatem
1068 2759 1210 2831 Francis
1230 2759 1434 2853 attulerint,

381 2874 418 2945 in
434 2873 751 2972 consequentibus,
767 2873 797 2945 si
812 2877 910 2945 Deus
922 2872 1131 2963 donaverit,
1150 2874 1393 2950 ostendemus.

429 2994 585 3063 Fuerunt
607 2990 715 3062 etiam
741 3013 824 3060 cum
850 2992 1064 3086 Margareta,
1096 2986 1168 3061 fitia
1189 2990 1321 3089 praelatr‘
1347 2994 1437 3091 regis

382 3104 518 3195 Sicilire,
536 3128 601 3203 per
613 3105 756 3177 Heurici
768 3107 859 3202 regis
869 3106 1064 3202 ›inglorurn
1081 3124 1351 3204 procuratores,
1370 3110 1440 3183 sul·

382 3218 515 3291 licienti
529 3219 576 3291 ad
584 3218 655 3290 hoc
665 3232 838 3316 potestate
853 3220 1029 3311 suffultos,
1044 3222 1224 3319 sponsalia
1238 3226 1440 3322 nuptiasque

384 3336 613 3425 contractae⁸;
632 3336 843 3433 atque-ipsis
867 3334 951 3407 duci
979 3334 1154 3413 Sulloluiae
1182 3351 1218 3408 et
1243 3338 1440 3435 Anglorum

383 3448 593 3549 proceribus
619 3448 747 3522 tradita
768 3449 833 3520 luit
857 3450 934 3547 ipsa
956 3448 1117 3549 puellae
1145 3452 1374 3549 parentibus,
1393 3455 1441 3527 ad

385 3564 552 3637 maritum
568 3588 675 3636 suum
690 3562 902 3637 deducenda
910 3564 951 3634 in
969 3561 1131 3660 Angliam
1145 3589 1230 3638 cum
1253 3590 1442 3642 ornamen-

385 3682 430 3755 tis
445 3696 483 3754 et
492 3678 769 3780 paranymphis,
788 3694 924 3753 tantam
939 3694 976 3752 et
996 3692 1096 3752 tauto
1114 3664 1264 3782 nuptam
1288 3682 1440 3782 principi

385 3797 683 3873 condecentibus.
699 3799 779 3867 Non
805 3810 924 3871 tamen
946 3799 1065 3869 statim
1089 3796 1126 3867 in
1153 3796 1312 3895 llngliam
1334 3798 1441 3877 ducta

386 3916 451 3987 suit
464 3939 548 3987 cum
562 3915 720 4014 primum
736 3926 866 4009 treugae
880 3910 979 3986 sactae
991 3912 1156 4005 luerunt,
1171 3909 1234 3986 sed
1249 3928 1441 4013 postquam

388 4030 424 4100 iu
442 4029 600 4127 Angliam
622 4052 783 4109 reversus
809 4026 927 4101 dictus
952 4028 1025 4101 dux
1041 4027 1216 4103 Sull'olciae
1231 4083 1241 4120 ,
1258 4030 1388 4103 iterum
1406 4042 1442 4103 et

428 4206 458 4265 l.
480 4208 550 4263 vers
564 4206 701 4265 retourne'
713 4204 751 4265 de
766 4204 906 4263 l'Herrute
917 4206 1045 4263 auteur
1055 4202 1093 4263 de
1109 4202 1251 4283 Se‘ndque.

428 4292 459 4352 2.
480 4294 522 4350 Lu
545 4297 626 4353 treve
644 4314 681 4353 ne
701 4294 745 4353 l'ut
764 4292 886 4352 conclue
905 4310 962 4369 que
985 4310 1060 4371 pour
1086 4290 1263 4373 vingt-deux
1283 4292 1374 4367 mois,
1402 4294 1442 4355 du

390 4379 432 4437 l0'
450 4378 546 4453 juillet
564 4384 641 4441 llll
661 4402 699 4441 uu
718 4386 759 4441 l*
776 4379 851 4441 avril
874 4382 964 4441 illo.
984 4382 1081 4439 L’ucte
1099 4392 1142 4441 est
1163 4378 1234 4440 dans
1254 4380 1440 4460 llonstrelet,

389 4466 410 4527 l.
426 4471 476 4542 11,
489 4468 537 4529 eh.
551 4490 672 4530 cmm.
1282 4524 1289 4535 .

399 4554 402 4560 ’
430 4562 460 4619 ³.
482 4563 523 4619 le
538 4559 666 4641 mariage
679 4578 718 4620 ue
735 4560 780 4619 sut
796 4558 941 4621 nonme
958 4558 1047 4640 qu’au
1062 4560 1136 4621 urois
1156 4559 1259 4621 d'arril
1277 4560 1315 4623 de
1329 4560 1442 4645 l’qnnde

390 4648 522 4708 suivante
535 4648 637 4727 (ttttt)
653 4652 671 4707 l
684 4649 785 4709 Nunci.
