3892 5892
726 953 835 1018 Lmen
853 957 1026 1032 Quintus.
1339 955 1403 1056 1296

339 1079 591 1184 principibus,
609 1082 708 1173 iniit,
734 1098 808 1156 tam
838 1083 1080 1156 ecclesiasticis
1101 1105 1208 1179 quam
1226 1081 1405 1154 saeculari-

339 1197 483 1290 bus,et
496 1224 579 1272 cum
592 1197 669 1298 [eis]
687 1198 1037 1299 praesertim,quibus
1054 1199 1163 1296 magis
1179 1198 1332 1269 invisum
1349 1197 1405 1270 vel

340 1337 500 1386 exosum
518 1316 592 1386 sore
613 1314 781 1387 eumdem
803 1315 935 1387 ducem
957 1313 1254 1410 Burgundionum
1276 1336 1404 1410 agnos·

340 1434 477 1501 ccret¹.
502 1429 604 1502 Unde
628 1443 771 1503 etcum
793 1429 1072 1518 leodiensibus,
1096 1442 1182 1500 tuuc
1198 1425 1405 1527 potentibus

341 1544 511 1644 populis,
532 1546 631 1644 quod
655 1571 717 1620 eos
736 1547 966 1619 acerbissimo
983 1571 1024 1618 ac
1040 1545 1231 1618 saevissimo
1247 1543 1334 1616 odio
1351 1546 1405 1616 in·

341 1676 483 1733 sectare
502 1661 771 1758 Burgundiones
785 1662 832 1733 ab
848 1661 997 1760 antiquo
1011 1662 1129 1753 sciret,
1149 1659 1280 1733 soedera
1290 1685 1406 1759 copu-

339 1776 435 1848 larit
446 1777 469 1848 ¹.
489 1779 536 1848 Ut
552 1779 647 1850 enim
662 1777 724 1875 qui
739 1775 983 1849 vetustissimae
998 1775 1136 1849 arboris
1156 1775 1289 1848 molem
1307 1790 1407 1848 trun·

341 1894 453 1992 cique
477 1892 589 1966 robur
609 1893 755 1990 ingens,
775 1892 853 1965 altis
872 1906 909 1965 et
924 1893 1076 1965 extensis
1096 1893 1203 1990 longe
1228 1884 1406 1966 radicibus

342 2011 489 2083 haerens
513 2007 612 2103 solo,
640 2023 793 2083 conatur
810 2005 978 2100 evellere,
1007 2007 1134 2107 procul
1158 2009 1316 2107 primum
1341 2033 1407 2109 per

344 2127 460 2200 totius
481 2124 657 2198 ambitum
682 2121 821 2200 arboris
843 2125 973 2198 fossam
995 2125 1176 2222 ingentem
1201 2124 1348 2218 effodit,
1368 2143 1407 2200 ut

343 2246 464 2343 ipsam
476 2255 601 2343 postea
616 2245 667 2315 sic
679 2242 947 2315 circumsessam
963 2240 1086 2336 etjam
1102 2240 1160 2310 vis
1173 2239 1251 2312 ullis
1263 2239 1406 2316 affixam

343 2361 422 2433 suis
447 2357 644 2452 radicibus,
671 2355 1021 2455 admotis-aliquibus
1044 2353 1253 2427 hominibus
1268 2381 1333 2428 seu
1343 2383 1406 2458 pa.

343 2475 449 2549 ribus
468 2474 603 2564 boum,
625 2499 709 2547 cum
728 2471 872 2547 sonibus
888 2473 1000 2573 possit
1019 2483 1244 2570 prosternere
1263 2483 1299 2544 et
1314 2475 1406 2546 exci-

344 2592 454 2682 dere,
475 2615 550 2663 non
567 2589 681 2683 aliter,
702 2588 749 2664 ad
766 2587 1004 2664 excidendum
1022 2587 1173 2658 domum
1195 2589 1405 2686 Burgundiae

342 2705 682 2804 humiliandamque
696 2705 790 2804 (quae
802 2719 880 2777 tum
890 2703 1043 2776 maxime
1053 2727 1124 2802 prae
1133 2702 1265 2774 caeteris
1275 2700 1405 2780 Gallia·

343 2822 499 2896 rumvel
510 2823 709 2896 Germanioe
722 2822 892 2895 florescet
904 2819 1012 2894 rebus
1023 2817 1190 2892 secundis
1201 2819 1346 2896 affluere
1355 2825 1406 2896 vi·

342 2937 1406 3038 debatur)‚Caroius,Francorumrex,quasicircumfodiens

344 3069 385 3128 et
402 3055 538 3128 radices
554 3052 691 3154 alonge
708 3052 893 3130 succidens
903 3055 956 3129 vel
972 3049 1173 3148 denudans,
1187 3082 1406 3155 quaquaver-

345 3194 429 3243 sum
446 3184 605 3266 potcrat‚
627 3196 689 3243 seu
713 3196 798 3242 cum
823 3167 1046 3267 principibus
1066 3194 1129 3240 seu
1152 3194 1236 3242 cum
1261 3173 1405 3272 populis

346 3283 482 3356 soedera
508 3284 727 3382 exquirebat.
757 3281 919 3356 Habebat
946 3283 1043 3354 enim
1071 3281 1185 3355 foedus
1207 3311 1290 3357 cum
1313 3288 1405 3361 duce

347 3397 554 3489 Sabaudiae,
573 3425 681 3498 qoem
693 3395 922 3496 Lugdunum,
941 3394 1029 3469 dum
1047 3395 1117 3468 iilic
1134 3415 1237 3487 esset,
1257 3399 1406 3497 hujusce

328 3521 401 3596 ‘rei
416 3543 523 3594 causa
538 3521 759 3594 accersierat.
779 3518 848 3591 Sed
865 3534 902 3590 et
917 3517 1077 3590 similiter
1093 3543 1177 3591 cum
1189 3518 1404 3598 Suitensium

349 3629 493 3740 populis
514 3635 628 3708 ioedus
644 3633 859 3734 copularat⁸,
876 3633 939 3730 qui
959 3633 1051 3704 inter
1071 3647 1217 3705 caeteros
1233 3635 1403 3733 populos,

348 3757 412 3855 qni
435 3753 566 3828 nuliius
587 3751 699 3852 pressi
715 3753 867 3851 imperio
891 3753 929 3822 in
945 3750 1057 3822 libera
1075 3751 1331 3822 communitate
1348 3751 1408 3824 de·

350 3886 469 3969 gunt,
496 3869 631 3943 viribus
656 3881 762 3966 atque
788 3869 896 3942 armis
921 3881 1086 3966 potentes
1120 3869 1326 3964 strenuique
1358 3867 1407 3938 s·

350 4003 491 4061 runtur.

393 4215 422 4274 i.
444 4213 553 4273 Traitcs
570 4233 641 4273 arec
656 4211 803 4282 arenario,
818 4211 946 4271 electeus
960 4209 997 4268 de
1014 4213 1103 4282 Saxe,
1120 4207 1158 4267 du
1172 4211 1211 4267 26
1226 4205 1299 4267 arrii
1318 4209 1408 4280 1468,

351 4317 381 4363 et
400 4321 471 4361 aree
492 4303 674 4374 Guillanme,
694 4301 751 4360 duc
767 4301 804 4360 de
821 4305 914 4372 Saxa,
932 4319 970 4358 en
984 4301 1072 4358 ttae.
1092 4297 1210 4364 Tenzel.
1229 4301 1305 4356 Hire.
1326 4297 1407 4357 Goth.

351 4397 447 4468 suppl.
461 4395 537 4466 net,
553 4411 582 4469 p.
599 4395 670 4465 676,
682 4403 711 4449 et
725 4389 878 4467 Ludwig,
890 4389 1042 4464 Reliquiae,
1057 4399 1078 4447 t.
1091 4390 1148 4460 IX,
1161 4407 1188 4466 p.
1203 4389 1271 4445 720.

393 4483 423 4538 2.
447 4479 758 4548 marcomania,
774 4477 846 4536 dans
859 4477 978 4552 t’Ampt.
993 4477 1129 4547 ardentio,
1147 4486 1168 4534 t.
1187 4479 1223 4552 V,
1236 4473 1294 4535 coi.
1313 4477 1383 4536 tut.

395 4571 423 4628 3.
444 4571 486 4626 1ae
500 4571 519 4626 5
534 4565 607 4624 avril
621 4570 710 4627 1463.
724 4571 868 4641 bumont,
880 4579 901 4624 t.
917 4569 980 4634 111,
995 4585 1025 4644 p.
1043 4567 1110 4622 196.
