3892 5892
738 861 846 916 ussit
868 861 1042 934 QUINTUS.
1362 861 1417 918 301

362 984 511 1072 tionem,
528 981 761 1077 reintegratus
771 993 808 1053 et
823 981 1005 1052 restitutus
1021 978 1101 1070 luit,
1122 979 1260 1052 favente
1274 979 1421 1077 quidem

362 1112 397 1169 et
411 1095 609 1194 gratulante
624 1096 802 1195 Philippo,
821 1093 1117 1193 burgundionum
1134 1093 1240 1187 duce,
1256 1096 1315 1166 cui
1329 1099 1424 1167 Heu·

363 1214 427 1284 rici
443 1213 570 1309 ejectio
588 1225 623 1284 et
644 1211 800 1284 lidoardi
824 1212 956 1284 erectio
976 1235 1052 1282 non
1069 1235 1195 1309 parum
1224 1212 1295 1283 suis
1317 1210 1424 1284 rebus

363 1327 592 1400 stabilimenti
604 1328 768 1398 contulit.
786 1332 874 1399 Nam
894 1327 946 1417 si,
966 1327 1192 1427 permittente
1209 1331 1304 1420 Deo,
1324 1353 1424 1428 aeque

365 1456 404 1512 ut
415 1439 558 1514 duobus
570 1440 750 1539 prioribus
763 1441 905 1540 praeliis,
922 1441 1030 1513 etiam
1043 1441 1080 1512 iu
1093 1442 1210 1528 tertio,
1224 1443 1378 1527 ilenrico
1390 1455 1426 1514 et

365 1559 438 1630 suis
460 1557 658 1629 fautoribus
671 1557 814 1628 fortuna
829 1555 1069 1646 secundasset,
1089 1558 1232 1654 suisque
1247 1558 1427 1630 exstinctis

366 1674 546 1766 hostibus,
572 1674 672 1770 regni
697 1673 840 1768 integris
862 1671 998 1744 viribus
1021 1674 1155 1772 potitus
1178 1672 1323 1760 suisset,
1352 1697 1425 1745 non

366 1787 521 1860 dubium
539 1786 627 1884 quin
650 1785 862 1882 Burgundiae
877 1784 1019 1857 'domus
1044 1786 1082 1856 iu
1102 1786 1292 1860 discrimen
1318 1787 1428 1858 maxi-

368 1927 470 1976 mum
492 1900 904 2000 periculosissimumque
927 1900 1082 1972 deducta
1108 1901 1251 1990 fuisset,
1273 1901 1429 1973 duorum

368 2018 700 2118 potentissimorum
720 2040 915 2114 regnorum
938 2016 1092 2088 Franciae
1112 2032 1148 2088 et
1174 2017 1320 2115 Angliae,
1346 2042 1428 2090 suo·

370 2157 522 2230 rumque
545 2146 597 2203 tot
616 2131 873 2204 foederatorum
898 2145 1007 2230 atque
1033 2133 1283 2206 auxiliatorum
1308 2157 1430 2230 aggre2

370 2248 501 2322 dieuda
538 2248 663 2333 armis,
698 2271 741 2320 ac
773 2246 909 2318 viribus
941 2247 1026 2318 totis
1059 2248 1306 2344 expugnanda.
1343 2255 1431 2322 Nam

372 2363 559 2460 utriusque
581 2363 672 2457 regis
690 2362 849 2448 animus,
873 2361 1043 2433 adversus
1060 2362 1176 2460 ipsam
1197 2362 1347 2434 domurn
1365 2365 1433 2434 im·

371 2477 537 2578 placabili
561 2501 663 2575 paene
685 2476 772 2548 odio
794 2477 972 2548 animatus
997 2493 1032 2548 et
1053 2479 1273 2568 concitatus,
1291 2478 1433 2552 adeam

373 2592 649 2694 opprimendam
661 2591 975 2690 subruendamque
992 2617 1067 2664 non
1082 2593 1234 2666 dubium
1247 2595 1333 2691 quin
1352 2595 1435 2666 totis

373 2706 509 2780 viribus
527 2706 758 2780 incubuisset.
777 2711 900 2804 ltaque
923 2708 1119 2780 simultates
1140 2709 1231 2780 inter
1257 2709 1436 2808 principes

374 2826 569 2898 Galliarum
600 2824 663 2894 diu
687 2838 835 2896 servatae
860 2835 895 2894 et
927 2825 1069 2896 nutritae
1100 2825 1208 2895 etiarn
1238 2825 1437 2896 Britannias

375 2942 564 3036 agitaruut.
588 2941 627 3008 ln
646 2935 779 3034 quibus
798 2961 881 3008 curn
904 2937 1079 3009 intestinae
1095 2938 1288 3011 seditiones
1314 2938 1438 3038 praclu-

377 3056 523 3144 dereut,
554 3053 600 3124 de
629 3067 761 3125 eventu
786 3051 843 3123 vel
866 3050 1122 3124 conservandas
1152 3053 1207 3124 vel
1240 3053 1438 3126 evertenda

378 3169 509 3241 domus
530 3165 743 3261 Burgundiae
761 3166 798 3235 in
820 3163 950 3236 ellectu
972 3165 1187 3254 certabatur,
1211 3169 1439 3266 civiliumque

378 3283 596 3356 Gallicarum
622 3277 885 3351 discordiarum
914 3279 1136 3374 fragmentis,
1164 3307 1242 3378 quae
1269 3285 1303 3354 in
1334 3309 1438 3357 suum

379 3420 530 3492 regnum
546 3395 772 3481 invexerant,
791 3392 893 3488 angli
919 3393 1012 3464 miro
1041 3407 1077 3466 et
1103 3394 1312 3468 lacrimabili
1334 3399 1440 3469 esitio

381 3511 494 3584 collisi
510 3523 606 3582 sunt.

431 3631 514 3699 Erat
526 3626 601 3722 jam
620 3639 698 3695 turn
714 3620 812 3721 apud
829 3621 1125 3718 Burgundionum
1146 3622 1275 3695 ducem
1295 3623 1442 3724 Delphi-

383 3768 471 3834 nus,
499 3741 545 3815 de
572 3764 646 3838 quo
671 3763 779 3838 supra
810 3739 1113 3828 memoravimus;
1135 3740 1198 3837 qui
1226 3739 1368 3838 qualem
1403 3742 1441 3812 in

384 3883 490 3931 suum
513 3858 732 3957 genitorem,
754 3855 921 3944 ilenrici,
948 3870 987 3926 ut
1007 3853 1187 3944 diximus,
1215 3857 1376 3955 partibus
1393 3857 1443 3927 sa-

385 3990 546 4067 rantem,
565 3986 701 4068 gereret
715 3969 942 4062 charitatem,
960 3973 998 4042 in
1018 3971 1086 4044 illis
1103 3972 1312 4044 tumultibus
1325 3972 1447 4068 angli-

386 4095 485 4168 canis
505 4093 664 4165 indicare
689 4115 765 4162 non
789 4092 923 4164 omisit.
944 4095 1035 4164 Nam
1056 4093 1092 4165 iu
1118 4093 1223 4164 tertio
1243 4090 1304 4163 illo
1323 4093 1445 4190 praelio

388 4211 580 4308 quemdam
596 4210 813 4306 armigerum
835 4233 961 4300 suurn,
982 4209 1150 4282 vexillum
1172 4209 1363 4297 ferentem,
1381 4210 1446 4284 lra-

388 4325 507 4397 buisse
524 4325 647 4417 sertur,
664 4350 749 4396 cum
764 4323 883 4421 aliqua
900 4325 1090 4398 satellitum
1113 4348 1243 4416 mauu,
1264 4327 1447 4422 quantillo

392 4439 687 4536 Burgundionum
703 4439 777 4512 dux
797 4437 993 4512 destinarat
1014 4440 1060 4512 ad
1082 4441 1249 4512 auxilium
1277 4441 1444 4514 Eduardi.

393 4559 517 4626 linerat
536 4577 666 4652 nempe
689 4552 877 4625 Eduardus
897 4577 982 4624 cum
1000 4578 1073 4626 uno
1097 4568 1158 4627 aut
1175 4554 1318 4630 duobus
1335 4557 1449 4630 iratri-
