3892 5892
548 918 606 979 {82
830 916 1088 977 fflstomattuu
1108 914 1243 973 cattoit
1264 914 1314 972 vtl

546 1043 704 1117 exierant
716 1064 791 1114 non
805 1041 983 1137 ignotam,
1002 1038 1124 1111 denuo
1139 1038 1265 1111 Franci
1276 1038 1396 1137 ipsum
1411 1035 1533 1112 locum
1545 1062 1602 1111 re·

547 1171 737 1257 ceperunt,
758 1156 821 1255 qui
839 1155 909 1229 illic
925 1156 1061 1229 inventi
1086 1154 1229 1227 suerunt
1253 1154 1409 1249 anglicis
1429 1155 1525 1227 cresis
1544 1154 1601 1227 vel

544 1273 740 1373 captivatis.

594 1390 836 1463 Aliamautem
853 1386 1115 1487 expeditionem
1133 1386 1234 1459 duxit
1248 1410 1332 1458 curn
1348 1409 1477 1482 magna
1489 1384 1600 1459 classe

544 1530 664 1579 comes
681 1504 726 1577 de
742 1506 930 1575 ΙῑΙιιηῑίιοιιι
945 1503 982 1574 in
998 1498 1237 1601 Aquitaniam,
1251 1501 1298 1576 ad
1312 1501 1504 1575 tutandum
1513 1506 1599 1574 Vas·

543 1623 656 1696 conia
669 1637 778 1695 terras
793 1634 827 1691 et
842 1619 1001 1693 civitates
1020 1643 1110 1721 quas
1124 1618 1196 1691 illic
1211 1620 1405 1717 anglorum
1428 1644 1491 1690 rer
1513 1632 1599 1691 tunc

543 1738 741 1811 obtinebat.

575 1850 660 1923 ‘Sed
683 1851 738 1923 hae
760 1848 839 1923 duae
862 1847 1060 1949 auglorum
1083 1849 1329 1949 expeditiones
1342 1848 1504 1943 ultimae,
1523 1874 1597 1923 una

539 1968 576 2039 in
599 1966 819 2038 Normannia
848 1978 883 2037 et
909 1965 1020 2039 altera
1047 1968 1085 2039 in
1112 1965 1318 2063 Aquitania,
1346 1964 1430 2037 satis
1451 1980 1597 2039 tenuem

539 2084 692 2155 tmcrum
708 2082 791 2180 ipsis
809 2083 927 2179 anglis
941 2085 1197 2183 parturierunt.
1217 2081 1316 2154 Adeo
1333 2083 1429 2167 enim
1448 2106 1596 2179 regnum

538 2198 757 2267 Francorum
775 2192 976 2267 desolatum
988 2208 1084 2287 erat,
1100 2194 1283 2292 potissime
1294 2218 1409 2293 prope
1427 2196 1597 2269 terminos

538 2306 701 2383 iocorum
726 2334 805 2407 quae
821 2308 958 2405 anglici
979 2306 1208 2399 detinebant,
1228 2308 1328 2407 quod
1348 2307 1596 2381 difficillimum

539 2440 613 2499 erat
626 2440 663 2497 et
675 2451 775 2524 paene
789 2425 1008 2525 impossibile
1025 2427 1061 2498 in
1076 2426 1143 2497 iliis
1157 2426 1259 2499 terris
1273 2428 1467 2499 exercitum
1484 2428 1593 2517 alere,

537 2542 674 2615 etiamsi
688 2542 782 2615 milie
799 2542 959 2638 equitum
973 2542 1029 2613 vel
1043 2542 1228 2638 quingenti
1247 2542 1498 2614 tantummodo
1513 2542 1597 2613 iuis·

537 2672 628 2731 sent.
657 2663 710 2731 lta
733 2658 849 2744 enim,
873 2672 913 2729 ut
934 2659 1009 2753 jam
1037 2682 1129 2754 saepe
1148 2657 1354 2748 retulimus,
1378 2657 1596 2757 praedonum

536 2778 719 2870 utriusque
734 2774 844 2871 partis
861 2772 1034 2871 rapacitas
1051 2788 1157 2869 atque
1179 2774 1382 2846 immanitas
1398 2774 1519 2846 omnia
1535 2799 1591 2846 ex·

535 2889 722 2977 hauserat,
751 2912 877 2961 omnes
904 2912 947 2960 ex
971 2890 1064 2984 agris
1082 2887 1238 2961 cultores
1264 2890 1514 2988 profligaverat
1537 2892 1595 2985 (et

534 3002 728 3101 prasertim
744 3000 793 3072 ilii
807 3001 869 3097 qui
882 3024 923 3073 es
938 2993 1083 3077 Francis
1099 3002 1354 3076 Scorticatores
1364 3003 1593 3102 appellaban-

534 3116 621 3213 tur),
641 3130 680 3187 ut
697 3116 858 3190 maximas
874 3140 939 3214 per
954 3115 1093 3189 diversa
1110 3120 1211 3215 regni
1227 3116 1308 3191 loca
1321 3120 1513 3217 provincie
1524 3120 1594 3191 de·

534 3245 634 3304 sertae
650 3232 861 3331 incultaque
886 3248 1095 3327 manerent,
1122 3234 1431 3333 quemadmodum
1447 3259 1469 3307 a
1487 3236 1594 3310 uobis

533 3370 640 3445 supra
655 3349 760 3421 latius
776 3349 929 3423 relatum
944 3364 1010 3421 est.

890 3628 1145 3696 etPtTUtUM
1171 3628 1233 3696 Xl.

648 3818 761 3873 Obsidio
774 3819 890 3875 mcunda
901 3819 1030 3875 Huefluti
1041 3822 1074 3873 ab
1086 3821 1191 3893 Angiis,
1203 3832 1229 3873 et
1238 3819 1323 3892 ipsius
1333 3824 1471 3879 assecutio.

582 4000 713 4071 Exacto
727 4020 812 4068 varo
828 4011 910 4096 post
927 3994 1067 4069 'circiter
1088 3996 1258 4088 biennio,
1287 3996 1387 4093 Angli
1414 3998 1590 4098 oppidum

532 4110 717 4203 Harefluti,
728 4108 828 4209 quod
838 4136 945 4210 supra
957 4110 1071 4209 ripam
1088 4114 1277 4209 Sequanae,
1290 4136 1404 4209 prope
1415 4111 1477 4184 ubi
1492 4140 1590 4188 mare

532 4226 661 4316 influit,
675 4228 780 4299 situm
793 4241 857 4315 est,
872 4226 1059 4299 obsidione
1075 4240 1168 4300 terra
1184 4228 1344 4327 marique
1362 4228 1586 4323 cinxeruut¹3

531 4343 633 4439 cujus
656 4342 851 4417 obsidionis
874 4343 985 4416 duces
1008 4358 1110 4417 erant
1125 4342 1199 4417 dux
1215 4347 1446 4419 summerseti
1468 4362 1505 4422 et
1520 4348 1591 4420 do·

574 4546 602 4605 i.
627 4546 666 4603 Ie
682 4556 775 4605 comte
788 4543 825 4605 de
839 4542 1030 4625 Huntington.

574 4636 603 4691 2.
626 4636 650 4691 A
668 4632 697 4691 h
709 4634 748 4692 tin
758 4633 860 4695 d'arril
878 4636 966 4696 atto.
