3892 5892
721 905 1009 980 unmonmms
1343 909 1400 968 sus

348 1047 429 1096 rum
450 1039 639 1126 tempestas
655 1027 842 1104 intulisset.
870 1031 1067 1104 Subsistere
1089 1031 1197 1130 igitur
1217 1044 1253 1104 et
1277 1031 1400 1106 subdi·

347 1151 467 1212 torum
488 1155 561 1213 tam
591 1143 683 1238 regis
702 1167 814 1242 quarn
838 1169 989 1218 suorum
1005 1143 1131 1218 maluit
1156 1146 1401 1248 tranquillitati

347 1254 556 1349 musulere,
578 1281 688 1357 qnam
714 1283 837 1333 rursus
858 1259 1037 1338 bellorum
1062 1260 1156 1336 laces
1181 1262 1398 1354 accendere,

345 1394 426 1560 gp:
439 1385 635 1470 utcumque
659 1375 838 1449 exstincte
860 1375 916 1449 vel
931 1377 1055 1476 sopite
1069 1377 1194 1452 saltem
1211 1402 1288 1454 esse
1303 1377 1402 1459 vide·

418 1501 490 1561 tur.

689 1717 945 1788 ceutronum
970 1718 1061 1786 xlx.

387 1895 513 1967 onte,
524 1897 688 1954 Francorum
700 1919 748 1954 rex
760 1939 769 1968 ,
782 1899 902 1974 increpat
913 1897 1009 1954 ducem
1022 1897 1183 1972 Burgundio
1197 1919 1248 1974 pru
1261 1899 1311 1956 lilii
1324 1901 1366 1956 sui

522 1989 669 2043 retentim
678 2000 705 2043 ct
716 1989 816 2062 treugis
824 2006 890 2061 quas
899 2005 961 2044 cum
973 1988 1090 2061 Anglicir
1103 1989 1233 2044 oeruuhat.

395 2145 475 2246 Egit
497 2159 620 2221 autem
639 2147 877 2247 legationibus
899 2147 1020 2222 multis
1042 2147 1191 2222 Carolus
1206 2173 1290 2244 rex,
1317 2171 1407 2246 quas

345 2261 485 2338 vicibus
505 2262 612 2338 variis
626 2263 674 2337 ad
696 2265 815 2365 ipsum
830 2264 962 2338 ducem
977 2265 1016 2338 in
1034 2261 1171 2363 oppido
1191 2263 1409 2338 Bruxellensi

342 2376 436 2476 (ubi
458 2377 678 2481 frequentius
697 2405 782 2456 cum
797 2405 862 2456 sua
881 2382 982 2455 curia
1004 2379 1237 2478 morabatur)
1252 2379 1411 2454 destina-

344 2495 420 2587 vit,
436 2509 615 2594 quatenus
629 2496 743 2570 lilium
760 2521 867 2570 suum
882 2495 929 2572 ad
941 2522 979 2571 se
994 2496 1174 2570 remittere
1191 2494 1282 2570 vele
1296 2495 1412 2594 patria

344 2633 412 2684 sua
425 2611 577 2710 pellere,
595 2636 663 2686 nec
679 2612 799 2712 ipsum
814 2613 853 2686 in
869 2613 974 2685 terris
990 2611 1064 2684 suis
1077 2611 1197 2684 lovere
1213 2609 1318 2684 vellet
1334 2637 1342 2680 ε
1357 2610 1412 2682 in·

344 2747 500 2825 crepans
513 2727 621 2800 etiam
634 2738 671 2800 et
683 2728 837 2824 graviter
849 2751 934 2800 eum
950 2725 1179 2816 insimulans,
1197 2724 1299 2824 quud
1315 2725 1407 2824 ipse,
1474 2731 1478 2738 '

344 2864 430 2914 cum
446 2841 612 2916 subditus
627 2858 662 2917 et
683 2841 853 2918 vassallus
868 2868 954 2916 suus
969 2856 1081 2934 esset,
1101 2866 1185 2915 curn
1204 2842 1276 2914 suis
1292 2855 1411 2914 vetus·

344 2953 490 3028 tissimis
510 2971 546 3029 et
561 2957 660 3055 regni
687 2957 744 3029 sui
769 2955 934 3031 hostibus
958 2972 1098 3055 treugas
1114 2957 1204 3029 inire
1220 2968 1256 3028 et
1270 2979 1412 3030 servare

344 3087 586 3168 presumeret.
603 3072 674 3145 Sed
692 3072 739 3146 de
754 3071 829 3144 lilio
843 3073 991 3172 quidem
1007 3073 1176 3172 pellendo
1191 3073 1303 3147 domo
1319 3097 1408 3165 sua,

344 3183 533 3283 adquam,
551 3187 661 3287 patris
677 3189 806 3258 timens
823 3187 1043 3280 inimicitias,
1063 3211 1101 3260 se
1116 3187 1321 3260 nullatenus
1335 3189 1410 3262 sol·

344 3299 523 3393 licitante,
550 3315 767 3401 procurante
798 3301 858 3372 uel
891 3299 1140 3394 desiderante,
1169 3303 1407 3402 confugerat,

345 3413 535 3516 Philippus
552 3415 761 3515 Burgundio
776 3441 862 3491 cum
875 3415 1064 3491 honestate
1081 3419 1174 3516 regis
1194 3417 1411 3492 desiderium

346 3530 545 3632 adimplere
564 3533 714 3606 minime
729 3557 835 3634 posse
850 3531 1088 3628 defendebat,
1108 3546 1147 3604 ut
1162 3557 1265 3624 eum,
1284 3532 1340 3608 vel
1355 3536 1412 3606 iu·

348 3649 462 3720 vitum
479 3649 573 3748 patri
598 3647 775 3737 traderet,
802 3647 860 3722 vel
875 3647 980 3721 terris
998 3648 1072 3720 suis
1092 3647 1305 3747 expelleret;
1325 3673 1410 3724 uam

348 3763 447 3864 apud
462 3789 712 3866 quoscumque
726 3763 959 3838 honorabiles
977 3789 1038 3837 seu
1057 3763 1147 3837 alios
1158 3764 1273 3860 justos
1289 3787 1411 3840 rerum

348 3882 594 3975 aestimatores,
608 3905 747 3979 magnae
760 3895 910 3982 propter
922 3877 997 3953 hoc
1013 3879 1187 3974 inlamiae,
1204 3879 1255 3952 uti
1273 3879 1409 3976 aiebat,

348 4013 386 4070 et
411 3996 598 4074 dedecoris
622 4011 834 4098 perpetuam
858 3995 977 4070 lahem
1007 3996 1227 4086 incurreret,
1255 4019 1411 4094 eumque

348 4113 417 4186 sibi
444 4115 624 4190 infensum
652 4115 835 4214 perpetuis
864 4109 1089 4214 temporibus
1112 4111 1193 4208 jure
1220 4110 1408 4206 redderet,

348 4230 540 4328 quoniam,
552 4230 752 4304 secundum
764 4229 910 4302 solitum
923 4243 1060 4302 nature
1071 4225 1410 4318 cursum,luturum

348 4346 416 4419 sihi
429 4372 514 4421 eum
524 4371 644 4444 regem
657 4371 700 4420 ac
713 4347 903 4420 dominum
919 4357 1123 4446 exspectare
1139 4339 1307 4434 deberet;
1324 4367 1411 4418 uon·

349 4477 403 4536 tra
421 4463 481 4559 jus
499 4463 659 4558 gentium
677 4465 785 4538 etiam
808 4462 901 4551 lore,
921 4461 951 4533 si
969 4484 1067 4550 eum,
1090 4459 1154 4560 qui
1180 4457 1338 4533 confisus
1363 4461 1411 4534 de

347 4602 413 4652 sua
430 4576 653 4650 humanitate
671 4592 780 4674 atque
803 4573 1026 4672 benignitate
1049 4573 1097 4648 ad
1118 4599 1156 4648 se
1171 4573 1409 4672 confugisset,

1231 4691 1270 4746 2⁰
