3892 5892
560 945 618 1004 326
845 943 1102 1004 HISTORIARUM
1120 942 1254 1002 canon
1272 943 1324 1000 vll

558 1065 626 1138 sibi
643 1064 778 1156 lacere,
796 1064 883 1138 nibil
900 1065 947 1138 de
968 1067 1189 1165 consumptis
1213 1062 1484 1163 provincialium
1509 1061 1620 1136 bonis

558 1182 760 1272 exsolvere,
787 1206 897 1280 quem
923 1180 1141 1270 voluissent,
1168 1180 1307 1278 injuriis
1339 1193 1445 1277 atque
1477 1179 1621 1252 damnis

557 1295 719 1385 allicere,
740 1297 871 1398 passim
893 1297 1084 1393 unicuique
1101 1297 1248 1396 impune
1271 1295 1425 1384 liceban
1445 1319 1513 1368 nec
1536 1319 1620 1396 pro·

557 1411 760 1485 vincialium
793 1411 892 1484 boua
919 1411 1106 1508 accipere,
1132 1433 1212 1509 quae
1245 1410 1283 1482 in
1319 1435 1425 1482 usum
1458 1408 1619 1483 alimenti

556 1527 725 1600 cederent
753 1551 821 1627 pro
845 1551 904 1620 se,
933 1526 990 1598 vel
1021 1527 1122 1624 equis
1149 1551 1210 1600 seu
1244 1524 1392 1598 canibus
1421 1527 1512 1617 sois,
1549 1549 1618 1626 pro

556 1639 688 1714 delicto
717 1666 779 1714 scu
817 1639 965 1712 crimine
996 1639 1215 1732 habebatur,
1246 1639 1357 1714 modo
1396 1639 1485 1712 nihil
1519 1636 1618 1712 aliud

555 1781 666 1855 quam
688 1754 850 1828 victualia
870 1755 1102 1855 accepissent.
1125 1755 1264 1844 Quibus
1287 1753 1389 1826 malis
1417 1754 1617 1828 lomentum

556 1870 742 1972 praestabat
779 1871 926 1942 avaritia
965 1868 1227 1942 nonnullorum
1266 1871 1516 1968 magistrorum
1553 1895 1615 1942 seu

556 1988 692 2060 ducum
708 1984 853 2075 militia,
871 1987 935 2084 qui
950 2011 973 2059 a
991 1986 1161 2059 militibus
1177 1985 1223 2058 de
1240 1995 1393 2058 numero
1409 2010 1476 2059 suo
1494 2001 1531 2058 et
1546 1984 1615 2058 sibi

555 2101 776 2194 commissis,
802 2101 840 2174 ia
866 2126 963 2174 anno
995 2103 1041 2175 de
1066 2100 1249 2200 stipendiis
1274 2125 1336 2174 seu
1363 2102 1519 2174 annonis
1550 2100 1618 2174 sibi

555 2218 756 2292 constitutis
786 2241 946 2292 mensem
975 2243 1085 2290 unum
1114 2231 1175 2290 aut
1201 2218 1275 2290 duo
1306 2217 1519 2315 exigebant,
1551 2243 1616 2318 pro

556 2334 807 2434 hujuscemodi
833 2336 944 2432 gratia
964 2333 1059 2406 hanc
1081 2334 1194 2408 vicem
1211 2339 1262 2407 eis
1289 2333 1500 2426 reddentes,
1519 2335 1617 2432 quod

557 2478 622 2551 per
641 2451 815 2547 majorem
839 2451 926 2522 anui
950 2464 1088 2550 partem
1123 2449 1254 2548 passim
1279 2475 1341 2522 eos
1368 2454 1555 2550 pervagari
1585 2466 1618 2524 et

558 2567 716 2638 victitare
737 2568 774 2638 iu
801 2566 895 2664 agris
925 2562 1193 2664 permittebant.
1226 2567 1344 2652 Quam
1371 2568 1618 2665 negligentiam

557 2696 812 2772 assentatores,
827 2681 956 2780 quibus
972 2681 1063 2753 'aulae
1085 2706 1208 2778 regum
1225 2683 1372 2780 copiose
1391 2682 1527 2756 reteuae
1545 2707 1618 2755 esse

557 2797 699 2889 solent,
733 2819 899 2869 excusare
932 2795 1139 2868 nitebantur
1168 2822 1176 2866 :
1202 2797 1302 2894 quod
1335 2796 1417 2870 talia
1455 2799 1532 2898 ipse
1560 2823 1618 2869 rer

558 2934 703 3011 prorsus
721 2911 921 3006 ignoraret,
940 2933 1033 3004 quae,
1053 2910 1082 2980 si
1095 2909 1264 3004 scivisset,
1283 2911 1484 2986 nullatenus
1499 2894 1620 2986 luisset

557 3023 805 3124 permissurus.
824 3023 894 3094 Sed
919 3022 1080 3122 prolecto
1099 3049 1226 3098 verum
1251 3042 1303 3100 est
1327 3026 1417 3099 illud
1433 3028 1617 3100 communi

557 3162 722 3211 sermone
737 3139 858 3211 tritum
877 3139 1126 3238 proverbium,
1145 3141 1246 3240 quod
1263 3174 1281 3210 a
1299 3148 1378 3216 Non
1395 3159 1449 3216 est
1465 3143 1619 3218 deterior

557 3252 706 3345 surdus,
734 3278 843 3352 quam
861 3257 944 3354 qui,
962 3281 1043 3354 quae
1061 3281 1145 3330 vera
1166 3271 1270 3352 sunt,
1299 3259 1445 3332 minime
1460 3259 1537 3332 vtdt
1559 3285 1619 3332 au·

558 3366 648 3440 dire.
666 3395 684 3436 a
703 3374 802 3470 Saepe
818 3372 916 3444 enim
933 3373 1015 3446 talia
1033 3387 1071 3460 et„
1084 3396 1242 3471 persaepe
1254 3373 1397 3448 sibimet
1412 3375 1617 3448 denuntiata

559 3499 662 3575 sunt,
685 3509 768 3558 cum
793 3485 988 3586 legationes
1008 3488 1186 3562 solemnes
1207 3513 1250 3562 ex
1273 3491 1552 3589 provincialibus
1571 3490 1618 3565 ad

558 3598 694 3670 curiam
705 3624 807 3673 suam
819 3618 854 3674 et
868 3600 916 3675 ad
929 3603 1046 3700 ipsum
1063 3603 1320 3699 mittebantur,
1339 3629 1418 3703 quae
1434 3604 1480 3678 de
1498 3605 1618 3702 hujus·

559 3711 658 3784 modi
689 3714 826 3812 injuriis
852 3716 1054 3815 frequentes
1076 3717 1238 3814 querelas
1262 3718 1522 3818 deposuerunt.
1549 3719 1618 3792 Sed

559 3825 673 3900 heus!
700 3831 893 3904 narrabant
916 3830 1072 3904 fabulam
1096 3831 1223 3920 surdo;
1243 3857 1327 3910 nam
1348 3834 1428 3932 plus
1451 3831 1535 3906 fidei
1558 3832 1619 3904 uni

558 3972 601 4020 ex
618 3950 782 4047 palatinis
807 3952 956 4024 canibus
978 3953 1206 4043 assentatori,
1225 3977 1334 4050 quam
1352 3952 1620 4026 solemnissimis

558 4063 761 4163 quibusque
774 4065 896 4162 legatis
913 4067 1181 4164 provinciarum
1196 4066 1440 4166 prestabatur.

609 4180 874 4256 Habitationem
897 4181 1041 4254 urbium
1065 4208 1296 4280 magnarum,
1315 4186 1508 4284 praesertim
1530 4185 1621 4258 illius

560 4299 665 4394 regiae
683 4299 907 4392 Parisieusis,
926 4323 1070 4374 exosam
1089 4299 1265 4392 lrabebat3
1284 4326 1351 4373 nac
1366 4301 1403 4372 in
1421 4301 1571 4374 urbibus
1585 4314 1621 4372 et

559 4411 668 4502 locis,
691 4415 730 4486 in
751 4415 880 4512 quibus
900 4413 1100 4511 frequentia
1119 4431 1194 4488 erat
1214 4415 1449 4515 populorum,
1471 4416 1622 4490 libenter

560 4526 765 4622 habitabat,
791 4530 854 4602 sed
881 4531 917 4602 in
945 4529 1162 4627 quibusdam
1188 4530 1369 4629 oppidulis
1394 4531 1450 4605 vel
1474 4530 1622 4604 castellis

559 4641 654 4714 circa
665 4642 793 4716 urbem
807 4645 1060 4718 bituricensem
1072 4645 1126 4718 vel
1139 4649 1402 4738 Turonensem,
1424 4645 1487 4720 ubi
1500 4671 1621 4720 rarum
