3892 5892
509 899 546 955 dl
795 894 1055 955 fflsronltnnn
1073 892 1210 953 canon
1229 894 1282 951 vlt

508 1019 602 1092 filius
622 1020 820 1118 legitimus,
837 1043 964 1091 verum
983 1019 1092 1091 etiam
1112 1017 1216 1117 regis,
1229 1018 1348 1090 'immo
1372 1033 1409 1090 et
1425 1018 1573 1091 nobilis·

507 1135 588 1206 simi
604 1133 745 1234 imperii
762 1158 824 1205 rex
840 1147 947 1231 atque
958 1133 1166 1206 moderator
1176 1133 1370 1206 exsisteret.
1385 1134 1465 1205 Fuit
1475 1134 1572 1205 enim

508 1248 701 1351 prudentia
729 1263 765 1323 et
796 1248 947 1320 consilio
973 1248 1011 1319 in
1041 1247 1149 1320 rebus
1176 1274 1260 1320 cum
1276 1246 1362 1320 belli
1379 1260 1457 1319 turn
1475 1249 1572 1346 pacis

509 1366 753 1462 sagacissimus
775 1378 811 1436 et
827 1363 1073 1461 gravissimus,
1098 1362 1135 1435 in
1159 1365 1386 1441 exsecutione
1406 1388 1492 1435 vero
1509 1387 1572 1436 eo·

508 1506 588 1553 rum
608 1505 687 1577 quae
702 1480 866 1551 consulto
892 1479 1031 1574 agenda
1057 1479 1199 1573 decreta
1216 1496 1334 1553 essent
1350 1480 1572 1553 cautissimus

509 1615 615 1699 atque
637 1598 900 1671 efficacissimus
923 1613 1123 1689 exsecutor,
1150 1615 1191 1672 ut
1216 1600 1414 1674 luculenter
1435 1602 1573 1673 cunctis

509 1718 678 1810 innotuit,
697 1741 741 1789 ex
756 1740 829 1815 quo
847 1741 1013 1815 pereum
1031 1717 1069 1789 in
1087 1717 1208 1791 arduis
1223 1742 1264 1793 ac
1277 1717 1479 1791 difficilibus
1490 1743 1574 1791 cau·

509 1836 557 1908 sis
573 1850 680 1931 atque
697 1833 850 1928 negotiis
869 1832 1007 1905 sortiter
1023 1848 1058 1905 et
1080 1848 1225 1907 strenue
1237 1860 1393 1935 persaepe
1410 1851 1446 1908 et
1463 1836 1571 1934 longo

511 1961 675 2046 tempore
693 1946 849 2037 factitata
866 1946 1028 2037 suerunt,
1046 1961 1155 2045 prout
1171 1948 1209 2019 in
1225 1947 1471 2046 sequentibus,
1489 1973 1573 2021 cum

466 2108 470 2113 -
510 2062 762 2165 opportunitas
778 2086 815 2134 se
832 2060 1022 2155 obtulerit,
1041 2060 1285 2135 ostendemus.

560 2177 685 2267 Qualis
698 2191 817 2253 autem
830 2177 931 2250 miles
947 2178 1088 2251 futurus
1099 2193 1201 2269 esset,
1216 2178 1338 2252 audita
1348 2177 1449 2252 clade
1462 2204 1571 2279 quam

510 2299 667 2384 Francos
693 2293 791 2393 apud
816 2294 1026 2366 Vernolium
1057 2295 1244 2394 pertulisse
1273 2298 1571 2387 memoravimus,

511 2412 633 2484 statim
662 2396 820 2511 auspicia
847 2409 1017 2484 ostendit.
1044 2416 1136 2484 Cum
1161 2414 1258 2484 enim
1284 2436 1367 2505 rex,
1395 2415 1460 2511 qui
1488 2428 1574 2485 tunc

511 2528 630 2602 adhuc
645 2529 787 2625 juvenis
803 2542 879 2601 erat
890 2542 956 2621 et,
976 2544 1016 2600 ut
1036 2528 1243 2626 hujusmodi
1260 2545 1342 2602 aetas
1358 2526 1443 2601 dare
1460 2529 1571 2618 solet,

511 2646 703 2735 conviviis,
731 2644 872 2718 choreis
888 2658 924 2716 et
944 2644 1186 2743 voluptatibus
1203 2645 1266 2718 diu
1288 2660 1469 2744 noctuque
1491 2646 1575 2718 satis

511 2760 701 2858 indulgens
719 2774 755 2831 et
771 2756 962 2857 plusquam
980 2758 1066 2832 utile
1083 2760 1226 2850 fuisset,
1245 2786 1348 2855 eum,
1369 2775 1492 2860 utpote
1504 2784 1575 2835 una

513 2878 688 2949 nutritum
705 2888 740 2947 et
756 2873 962 2967 educatum,
985 2874 1138 2946 multum
1154 2898 1296 2969 amans,
1318 2878 1415 2975 apud
1430 2902 1469 2949 se
1487 2877 1576 2949 reti-

511 3014 598 3065 nere
618 2990 655 3061 in
673 2988 808 3061 deliciis
826 2987 931 3060 vellet
947 3002 1000 3080 et,
1021 3012 1066 3063 ne
1087 2989 1134 3062 ad
1150 2991 1355 3090 arripienda
1370 3016 1469 3065 arma
1484 3016 1575 3064 con·

491 3130 493 3135 ’
511 3102 665 3197 volaret,
685 3102 874 3202 impediret
889 3116 997 3202 atque
1014 3104 1262 3204 prohiberet¹,
1281 3106 1320 3178 id
1336 3106 1477 3181 efficere
1500 3134 1575 3181 non

511 3374 616 3453 passait
631 3376 647 3433 t
661 3372 739 3433 Blois
753 3374 782 3433 la
795 3392 887 3435 revue
900 3373 988 3435 d'une
1003 3373 1174 3456 compagnie
1189 3375 1349 3436 d'hommcs
1361 3376 1486 3438 d’armes
1505 3377 1575 3457 qn'il

511 3462 706 3523 commutati
720 3484 795 3543 pour
808 3463 835 3523 le
846 3464 902 3539 roi,
916 3482 989 3523 avec
1005 3463 1033 3523 le
1050 3464 1116 3523 titre
1132 3464 1269 3543 d’ecuyer
1281 3463 1432 3529 banneret.
1447 3470 1492 3542 (P.
1512 3472 1577 3527 Au·

512 3574 612 3626 sam,
630 3554 706 3615 nist.
720 3556 884 3631 genealog„
900 3564 920 3609 t.
936 3556 962 3622 1,
979 3572 1009 3630 p.
1028 3554 1111 3626 tta.)

553 3647 583 3703 t.
601 3642 680 3707 C'est
695 3646 843 3722 peut-ene
869 3646 885 3700 l
903 3654 978 3701 cette
1001 3641 1157 3721 singulidre
1180 3642 1368 3723 defensaque
1389 3662 1420 3704 se
1440 3658 1576 3725 rapporte

512 3754 553 3793 nu
568 3732 618 3793 tait
638 3752 694 3813 peu
708 3751 821 3804 connu,
837 3730 907 3789 dont
922 3730 964 3789 les
975 3730 1053 3788 titrcs
1067 3730 1129 3789 sont
1143 3730 1194 3790 foi.
1212 3734 1254 3792 Le
1267 3732 1311 3792 roi
1325 3732 1366 3792 lui
1379 3746 1466 3810 ayant
1479 3732 1577 3793 donnt's

513 3822 540 3882 le
560 3822 655 3881 comte
682 3819 718 3880 de
737 3820 861 3879 Mortain
880 3839 917 3878 au
939 3818 1013 3878 rnois
1030 3818 1067 3878 de
1088 3818 1198 3881 terr-ier
1212 3824 1292 3895 lm
1302 3867 1310 3896 ,
1330 3822 1358 3883 le
1371 3823 1414 3881 lui
1426 3822 1513 3883 retira
1526 3822 1577 3882 ‹lix

512 3911 585 3970 mois
611 3910 694 3989 aprds
715 3928 752 3967 en
772 3906 813 3965 lui
832 3906 961 3966 dormant
978 3912 995 3966 a
1014 3908 1042 3966 la
1057 3908 1140 3987 place
1152 3910 1180 3969 le
1192 3911 1286 3969 comt&
1300 3910 1337 3971 de
1358 3912 1443 3971 nien.
1458 3912 1531 3973 Mais
1549 3912 1577 3971 le

512 3999 617 4060 narard
626 4020 663 4061 ue
676 3998 761 4058 laissa
774 4015 850 4075 pour
863 3996 926 4055 cela
940 3995 976 4056 de
989 3997 1141 4057 continner
1154 4002 1171 4057 lt
1182 3998 1337 4060 s'intituler
1348 4014 1441 4063 comte
1451 4001 1487 4061 de
1501 4006 1577 4061 Mor·

513 4090 590 4162 tain;
604 4088 701 4166 ecqui
715 4102 818 4145 amena
832 4084 860 4144 le
874 4085 918 4143 roi
932 4089 949 4144 lt
962 4086 990 4145 le
1003 4085 1207 4165 de'sappoiriter
1221 4086 1258 4146 de
1271 4108 1406 4148 nonveau
1419 4109 1474 4169 par
1492 4089 1577 4148 d’au-

511 4190 570 4238 tres
586 4177 683 4237 lettres
698 4175 764 4255 plus
776 4192 926 4253 expresses
938 4176 990 4253 qni
1004 4173 1146 4254 portoient
1160 4174 1363 4237 l’interdiotion
1377 4177 1414 4237 de
1433 4178 1460 4238 le
1478 4179 1578 4239 laisscr

512 4266 662 4339 stjoumer
676 4264 747 4323 dans
760 4264 788 4322 le
806 4282 888 4343 pays.
903 4265 955 4338 Or,
970 4266 987 4323 d
1002 4263 1209 4343 cetteepoquc‚
1223 4262 1252 4322 la
1263 4286 1367 4347 guerre
1379 4267 1447 4326 etait
1460 4265 1532 4328 dans
1549 4268 1577 4327 le

512 4356 607 4413 comte
620 4354 656 4415 de
669 4354 803 4425 Mortain,
814 4352 952 4412 frontiere
963 4351 1014 4416 des
1027 4353 1158 4434 Anglais,
1168 4352 1263 4413 tandis
1276 4375 1333 4434 qne
1345 4357 1373 4416 la
1382 4359 1452 4437 paix
1463 4358 1576 4439 regnat

513 4464 618 4506 encore
638 4468 688 4507 sur
708 4449 749 4507 les
770 4447 860 4506 bords
873 4446 950 4507 dela
964 4448 1062 4508 Loire.
1077 4452 1132 4508 Les
1150 4470 1273 4528 preuves
1293 4450 1329 4511 de
1345 4452 1409 4512 cela
1425 4454 1578 4515 existaient

512 4534 651 4595 autrefois
669 4536 740 4597 dans
756 4537 798 4597 les
821 4536 952 4597 arohives
970 4537 1009 4597 du
1025 4542 1106 4598 Mont
1123 4538 1338 4607 saint-nnete.
1357 4545 1401 4602 ct.
1419 4542 1446 4602 le
1466 4548 1500 4603 P.
1512 4548 1576 4604 An·

514 4644 614 4695 smus,
632 4624 653 4683 l.
669 4645 694 4683 c.
