3892 5892
738 874 848 934 mun
866 875 1039 948 Qumms.
1358 879 1418 938 165

367 993 499 1068 rimum
512 993 668 1068 calidum
691 1009 727 1067 et
744 995 918 1092 siceum),
936 994 1123 1069 arbitratus
1140 1009 1192 1070 est
1208 999 1326 1094 iirgam
1342 1023 1418 1072 esse

366 1112 539 1184 exercitus
558 1115 794 1204 Francorum,
817 1113 879 1210 qui
902 1126 1038 1185 terrore
1061 1113 1115 1184 sui
1138 1111 1311 1186 adventus
1337 1139 1419 1213 per·

367 1225 476 1310 moti,
497 1225 626 1297 relictis
647 1225 767 1297 castris
789 1226 878 1316 suis,
904 1226 1131 1322 aufugerent,
1150 1251 1224 1298 non
1248 1226 1419 1321 audentes

366 1339 442 1435 ejus
456 1353 675 1438 exspectasse
689 1363 932 1436 congressum.
952 1341 1134 1412 Festinans
1150 1341 1269 1438 itaque
1284 1355 1320 1412 et
1335 1365 1420 1414 suos

367 1453 593 1550 tanquamad
605 1453 762 1552 praedam
774 1469 810 1526 et
816 1453 981 1551 fugitivos
990 1455 1277 1553 persequendum
1287 1455 1419 1529 cohor·

366 1583 466 1656 tans,
478 1591 592 1664 usque
606 1566 652 1639 ad
667 1583 783 1642 castra
797 1567 1095 1668 obsidionemque
1111 1574 1327 1643 Francorum
1343 1595 1420 1668 per·

365 1683 481 1772 venit,
500 1681 630 1755 relictis
652 1681 778 1781 procul
795 1707 817 1754 a
833 1696 932 1777 tergo
952 1683 1025 1755 suis
1045 1683 1267 1782 pedestribus
1283 1685 1417 1782 copiis;

364 1797 411 1870 ad
434 1822 514 1894 quae
535 1797 746 1895 perveniens
766 1811 900 1888 castra,
918 1799 1094 1896 comperit
1111 1797 1257 1896 quidem
1274 1796 1320 1870 de
1338 1798 1420 1894 suga

365 1937 440 1986 non
456 1937 519 1986 eos
531 1913 724 2011 quicquam
741 1912 932 2010 cogitasse,
951 1913 1014 1985 sed
1028 1915 1147 2012 potius
1163 1913 1209 1986 de
1221 1915 1338 2014 ipsum
1354 1937 1420 1987 au·

364 2026 488 2100 dacter
501 2043 539 2100 ct
553 2028 714 2099 animose
734 2027 986 2128 exspectando.
1006 2031 1103 2116 Quos
1120 2043 1240 2100 autem
1257 2027 1421 2128 pulveres

363 2169 386 2216 a
402 2145 509 2242 longe
523 2145 679 2234 viderat,
695 2147 889 2218 excitarant
904 2148 1121 2216 Francorum
1137 2145 1233 2242 equi,
1248 2167 1340 2241 quos
1353 2145 1421 2242 ipsi

363 2285 449 2334 cum
468 2261 608 2334 iamsdis
630 2275 666 2333 et
684 2260 923 2358 mangonibus
944 2285 964 2332 e
987 2259 1110 2332 castris
1129 2259 1352 2348 dimiserant,
1373 2257 1420 2330 ad

363 2379 444 2449 loca
464 2374 696 2448 deducendos
718 2377 756 2447 in
777 2374 908 2473 quibus
923 2374 1121 2446 necessaria
1140 2374 1192 2445 eis
1211 2371 1343 2471 pabula
1363 2373 1420 2443 in-

363 2491 479 2562 veniri
488 2506 654 2589 possent3
665 2513 740 2563 non
756 2490 853 2562 enim
867 2488 913 2562 de
925 2488 1021 2585 fuga,
1035 2486 1097 2560 sed
1114 2486 1160 2559 de
1175 2485 1420 2586 permanentia

362 2606 582 2702 cogitarant,
607 2607 670 2705 qui
692 2607 743 2679 sic
768 2631 882 2704 equos
901 2630 986 2678 suos
1009 2605 1218 2695 emiserant,
1242 2629 1308 2702 per
1327 2628 1420 2703 quos

358 2721 417 2794 ‘eis
431 2747 512 2820 spes
530 2722 805 2820 praesidiumque
825 2721 862 2793 in
885 2720 986 2819 iuga,
1012 2720 1042 2791 si
1061 2718 1109 2792 de
1131 2744 1174 2792 ea
1188 2720 1418 2818 cogitassent,

363 2861 441 2912 esse
459 2840 669 2936 potuissent.

712 3095 967 3166 CllPlTULUll
991 3089 1068 3164 Vll.

364 3295 490 3349 ΡηΙίιιω
512 3295 585 3368 apud
605 3297 808 3366 Cmellionem,
829 3296 858 3350 in
884 3313 939 3366 quo
957 3293 1084 3350 dominus
1107 3293 1141 3350 de
1163 3295 1262 3348 Talelot
1283 3313 1345 3348 cum
1369 3295 1422 3350 suis

401 3385 518 3456 triglitis
534 3387 593 3440 eni
609 3387 771 3462 tuscanam
786 3399 847 3460 post
864 3385 1011 3459 anseg-n
1030 3398 1090 3440 aare
1106 3387 1164 3440 aliis
1177 3386 1302 3438 omnibu·
1315 3385 1423 3458 oppidis

401 3485 515 3545 receptu.

413 3635 525 3730 lgitur
544 3659 629 3707 cum
656 3634 704 3707 ad
726 3649 841 3706 castra
860 3635 1080 3708 Francorum
1096 3633 1319 3707 adventasset
1338 3657 1421 3706 cnm

365 3753 439 3824 suis
450 3749 631 3850 equitibus
644 3750 903 3850 praecipitanter
911 3750 1031 3840 nimis,
1046 3773 1120 3821 non
1132 3748 1340 3846 exspectatis
1348 3749 1421 3820 suis

366 3865 590 3964 pedestribus
606 3866 719 3964 copiis
733 3880 768 3937 et
791 3862 926 3938 bellicis
942 3863 1183 3937 instmmentis
1196 3865 1295 3961 (quae
1310 3863 1421 3961 copiae

365 3981 411 4054 ad
429 4003 619 4055 numerum
636 4005 745 4080 supra
765 3981 889 4054 decern
911 3979 1021 4053 millia
1045 3979 1150 4052 fuisse
1168 3977 1418 4076 ferebantur),

365 4110 477 4170 castra
495 4121 697 4196 expugnare
715 4096 882 4169 decrevit.
899 4100 925 4167 A
944 4119 1016 4193 qua
1032 4095 1228 4168 temeritate
1244 4117 1327 4166 cum
1341 4093 1421 4191 qui·

366 4208 450 4282 dam
460 4211 593 4282 nobilis
608 4213 674 4301 vir,
693 4210 944 4312 primipilarius
958 4235 1024 4282 seu
1040 4209 1196 4306 signifer,
1213 4209 1271 4281 cui
1287 4232 1419 4281 nomen

365 4339 440 4396 crat
454 4323 609 4396 Thomas
625 4326 861 4426 Evringlram,
880 4348 962 4396 eum
980 4324 1165 4397 dimovere
1184 4324 1307 4414 vellet,
1327 4324 1420 4423 peri·

365 4438 486 4513 culum
503 4439 562 4510 cui
578 4464 615 4511 se
630 4454 666 4513 et
682 4465 767 4514 suos
786 4437 977 4537 objiciebat
993 4439 1200 4528 ostendens,
1216 4438 1421 4540 prudentis·

365 4557 454 4628 sime
484 4552 665 4626 indicabat
686 4554 787 4652 quod
808 4554 1043 4630 verisimiliter
1066 4553 1133 4628 sibi
1160 4555 1303 4654 suisque
1331 4554 1422 4627 foret
