3892 5892
516 882 554 941 ra
806 849 1216 973 msroennuncsaon
1236 889 1289 945 vu

565 977 759 1080 Carnutum
785 1034 870 1083 vero
897 1007 1119 1089 vaframento
1139 985 1374 1085 satis'oallido
1391 1026 1577 1113 receptum

392 1169 395 1175 ,
515 1138 569 1196 est
581 1128 604 1193 ¹.
624 1126 712 1198 Nam
735 1150 818 1197 cum
842 1125 927 1197 illue
954 1150 1047 1225 saepe
1068 1125 1288 1223 ingrediatur
1302 1153 1473 1200 curruum
1486 1154 1577 1227 qua·

516 1238 767 1337 drigarumque
791 1237 997 1333 multitudo,
1019 1242 1169 1337 contigit
1184 1241 1345 1339 quodam
1361 1243 1419 1315 die
1433 1258 1473 1316 ut
1487 1247 1577 1343 qui·
1658 1268 1664 1281 ·

515 1353 599 1425 dam
613 1352 754 1447 milites,
775 1353 899 1425 habitu
913 1352 1054 1451 plebeio
1071 1369 1107 1427 et
1122 1355 1303 1427 rusticano
1319 1358 1427 1428 armis
1444 1358 1576 1431 obtec-

514 1468 582 1557 tis,
616 1492 763 1540 currum
807 1462 979 1541 ouus'tum
1018 1470 1239 1567 aurigantes,
1275 1494 1384 1577 supra
1423 1456 1575 1571 pontem

513 1568 703 1657 levaticum
726 1598 761 1656 et
783 1583 874 1656 iulra
896 1600 1039 1683 portam
1054 1587 1143 1658 dum
1159 1586 1336 1677 sisterent,
1354 1586 1576 1688 detectisque

515 1700 637 1795 gladiis
658 1699 824 1771 custodes
844 1684 956 1799 portae
965 1700 1184 1798 jugularent,
1201 1702 1303 1800 signo
1321 1702 1477 1800 denique
1489 1730 1575 1777 cum

512 1813 678 1911 clangore
703 1814 796 1887 tubae
817 1816 872 1887 vel
897 1842 1011 1888 cornu
1036 1817 1142 1909 dato,
1167 1832 1387 1890 armatorum
1415 1822 1571 1919 copiam,

513 1930 577 2026 qui
596 1930 697 2025 justa
722 1946 864 2029 portam
890 1932 928 2003 in
949 1934 1127 2033 speluncis
1150 1948 1186 2005 et
1210 1934 1372 2006 cavernis
1388 1934 1576 2009 latitabant

515 2046 604 2141 (erat
621 2047 716 2118 enim
735 2072 853 2139 mane,
869 2063 905 2120 et
917 2051 1102 2122 nocturnis
1116 2049 1187 2122 illie
1204 2048 1361 2122 tenebris
1373 2074 1450 2121 sese
1463 2075 1573 2123 occu·

514 2161 681 2261 lucrant),
693 2163 788 2236 lllico
803 2163 1039 2238 advocarunt.
1050 2168 1121 2253 Qui
1133 2191 1290 2266 propero
1300 2192 1423 2265 gressu
1434 2168 1573 2240 irruen-

513 2293 578 2372 tes,
597 2305 641 2352 eo
667 2280 778 2353 modo
804 2282 984 2354 civitatem
1010 2298 1288 2381 occupaverunt.
1306 2284 1427 2381 ¹Cujus
1444 2285 1496 2357 rei
1513 2309 1573 2357 ru·

513 2421 613 2469 more
638 2396 732 2471 illico
757 2398 986 2498 pervolante,
1013 2424 1097 2474 cum
1123 2399 1486 2499 civitatis'episcopus
1510 2402 1573 2499 qui

511 2515 596 2586 satis
614 2514 791 2588 ferventer
807 2514 966 2615 partibus
990 2515 1185 2613 Anglorum
1213 2531 1250 2589 et
1278 2517 1574 2614 Burgundionum

401 2664 402 2667 ¹
512 2629 716 2717 adhaerebat
730 2635 752 2723 ¹,
780 2632 904 2705 adhuc
916 2632 1039 2704 hostes
1055 2632 1218 2730 ejiciendi
1236 2660 1337 2733 spem
1355 2634 1509 2730 habens,
1533 2638 1571 2709 iu

511 2746 619 2819 annis
635 2747 878 2845 deprehensus
894 2746 1027 2840 luisset,
1040 2747 1161 2821 furore
1175 2751 1353 2842 saeviente,
1365 2766 1573 2851 peremptus

512 2877 580 2957 est;
601 2865 724 2936 civitas
750 2888 894 2961 quoque
922 2877 1008 2954 tota,
1029 2866 1164 2935 nemini
1188 2868 1340 2965 parclto,
1356 2868 1392 2938 i'n
1408 2869 1573 2966 rapinam

511 2978 821 3077 direptionemque
847 2976 1018 3050 militibus
1042 2980 1227 3078 permissa.
1254 2988 1339 3056 Erat
1356 2984 1454 3058 enim
1478 2984 1572 3057 lama

510 3094 582 3165 loci
606 3090 742 3164 incolas
771 3092 966 3191 Anglorum
998 3110 1116 3193 partes
1125 3112 1246 3194 ratque
1273 3099 1569 3196 Burgundionum

510 3210 594 3282 satis
618 3210 843 3308 pertinaciter
867 3209 1095 3284 defendisse:
1114 3214 1214 3310 quod
1239 3216 1398 3314 plurium
1418 3241 1462 3289 ex
1484 3217 1570 3315 ipsis

509 3324 604 3401 caede
615 3324 870 3426 bonorumque
882 3328 1072 3425 jactura‘et
1088 3331 1290 3429 perditione
1305 3335 1354 3405 ita
1371 3335 1422 3407 eis
1438 3334 1569 3407 exstitit

509 3458 750 3542 repensatum.

559 3562 789 3658 Occuparunt
808 3562 915 3633 etiam
935 3561 1003 3659 ipsi
1024 3564 1162 3651 Franci,
1181 3588 1246 3663 per
1261 3579 1437 3638 nocturna
1455 3564 1568 3637 silen-

508 3676 570 3769 tia,
589 3676 763 3776 oppidum
779 3676 880 3774 quod
897 3678 1121 3748 Locusveris¹
1138 3677 1280 3771 dicitur,
1299 3661 1321 3753 a
1342 3680 1567 3777 liothomago

508 3807 643 3892 septem
660 3790 913 3864 tantummodo
936 3791 1046 3863 leucis
1063 3793 1219 3883 distans,
1238 3811 1273 3868 et
1296 3798 1333 3868 in
1351 3822 1395 3870 eo
1412 3797 1566 3871 validam

507 3923 726 4007 armatorum
743 3907 981 3979 munitionem
999 3909 1219 4004 locaverunt,
1239 3912 1336 3983 unde
1352 3936 1458 4010 agros
1475 3916 1564 3984 Nor·

508 4025 660 4097 manniae
684 4022 843 4123 quotidie
868 4023 1102 4112 incursantes,
1116 4026 1309 4123 provinciae
1332 4027 1465 4101 damna
1484 4024 1564 4125 plu·

547 4184 577 4242 l.
599 4180 837 4252 Anachronisme‚
853 4178 880 4237 le
899 4192 1120 4238 recouvrement
1133 4180 1171 4240 de
1186 4182 1323 4245 chartres
1338 4198 1381 4245 est
1399 4183 1440 4243 du
1454 4184 1472 4239 2
1490 4180 1565 4242 avril

507 4271 616 4423 llll«
639 4364 755 4423 Maistre
776 4361 869 4422 Jehan
892 4361 929 4419 de
946 4361 1094 4437 Festigny‚
1115 4363 1190 4422 uatis
1207 4364 1244 4423 de
1265 4369 1474 4445 Bourgongue,
1500 4344 1565 4424 leur

504 4450 640 4529 evesque.
659 4479 672 4504 »ι
691 4452 868 4526 Monstrelet,
883 4451 904 4509 l.
919 4454 960 4523 11,
975 4470 1001 4508 c.
1013 4469 1105 4510 cxvu.

484 4562 488 4571 “
546 4542 575 4598 3.
593 4542 744 4605 Louviers.
769 4544 848 4602 Cette
869 4538 938 4599 ville
961 4537 1004 4597 sut
1020 4538 1147 4618 surprise
1167 4546 1275 4620 parLt
1295 4542 1365 4612 Hire
1377 4561 1415 4603 su
1434 4541 1508 4601 mois
1523 4539 1563 4601 de

504 4630 618 4706 janvier
634 4634 723 4692 1⁴30.
