3892 5892
737 880 844 941 uam
863 878 1029 941 mamus.
1107 935 1110 940 ⁴

704 1156 959 1229 CAPITULUM
984 1158 1060 1227 vlt.

356 1344 452 1413 Quales
469 1344 589 1401 furtum
608 1344 672 1399 urb·
685 1346 849 1401 Parisiorum
860 1347 962 1403 invenit
971 1364 1034 1401 cum
1043 1344 1080 1401 ad
1088 1346 1253 1401 chomn
1264 1344 1412 1405 dominium
1454 1352 1458 1360 ’

545 1436 707 1505 revertisset,
719 1450 745 1521 a}
756 1434 791 1493 de
801 1436 999 1493 crudelitatibus
1010 1436 1225 1493 Soorucatornm.

404 1618 478 1691 Tali
493 1612 599 1717 igitur
615 1618 743 1711 modo,
756 1616 817 1693 diu
835 1620 1087 1695 aFrmcorum
1102 1613 1254 1693 ducibus
1271 1633 1306 1691 et
1322 1618 1414 1692 mili·

357 1730 491 1807 teribus
508 1748 635 1808 vexata
651 1750 687 1808 et
704 1738 833 1833 agitata
848 1733 954 1809 variis
969 1733 1209 1808 incommodis
1225 1750 1261 1807 et
1273 1728 1414 1809 damnis

358 1846 508 1941 afflicta,
529 1846 615 1923 urbs
631 1846 691 1923 illa
708 1850 804 1948 regia
822 1850 1037 1923 Parisiorum
1053 1848 1198 1923 taudem
1215 1846 1253 1921 in
1270 1864 1415 1923 venato·

357 1990 436 2037 rum
444 1967 591 2063 laqueos
598 1980 632 2039 et
641 1982 826 2067 capturam
838 1968 975 2041 incidit.
984 1968 1064 2055 Qua
1075 1992 1158 2039 cum
1166 1966 1270 2067 potiti
1282 1983 1411 2060 essem,

357 2078 534 2154 rationem
547 2078 785 2179 particulatim
800 2104 883 2154 cum
905 2079 1068 2181 pluribus
1081 2078 1221 2153 civibus
1239 2081 1322 2155 satis
1336 2083 1415 2154 stri·

357 2206 451 2266 ctam
467 2208 685 2293 posuerunt,
701 2196 763 2294 qui
777 2196 933 2296 partium
955 2192 1251 2295 Burgundionum
1271 2196 1328 2269 vel
1345 2204 1416 2269 an-

357 2308 498 2403 glorum
522 2311 775 2408 pertinaciores
806 2308 948 2395 inerant
976 2324 1189 2402 sectatores,
1219 2336 1283 2382 seu
1308 2312 1416 2384 etiam

358 2446 488 2495 eorum
513 2422 675 2499 officiarii
685 2479 704 2515 ‚.
721 2438 757 2499 et
773 2426 926 2500 maxime
942 2424 1004 2525 qui
1020 2424 1254 2532 pecuniarum
1271 2422 1417 2499 ruissent

359 2552 564 2637 quaestores.
584 2544 627 2613 Et
643 2541 689 2615 ad
706 2536 787 2617 talia
808 2539 1028 2639 exquirenda
1045 2538 1128 2613 satis
1151 2538 1304 2611 multum
1324 2554 1415 2613 tem·

359 2656 456 2753 poris
473 2671 507 2729 et
521 2681 627 2756 super
641 2656 722 2731 satis
735 2675 990 2757 consumptum
1004 2670 1076 2748 est,
1091 2650 1227 2753 absque
1236 2654 1308 2727 hoc
1318 2655 1415 2753 quod

357 2770 575 2845 Francorum
586 2771 710 2846 militia
724 2770 903 2872 ducesque
915 2768 961 2845 ad
972 2768 1216 2871 recuperanda
1229 2784 1327 2843 certa
1337 2764 1418 2844 loca

358 2910 436 2985 quae
454 2886 587 2983 Anglici
604 2887 723 2962 adhuc
737 2886 963 2988 occupabant
984 2883 1161 2959 ullatenus
1177 2884 1414 2958 intenderent.

356 3000 538 3074 Tenebant
556 3002 734 3101 siquidem
752 3002 854 3101 Angli
870 3002 989 3076 adhuc
1012 3026 1121 3102 supra
1135 3004 1331 3074 Matemam
1346 2998 1418 3071 ssu-

359 3116 458 3188 vium
486 3116 664 3191 civitatem
688 3116 929 3209 meldensem,
958 3142 1067 3220 supra
1101 3120 1233 3191 isaram
1261 3130 1418 3188 castrum

360 3226 495 3303 dictum
503 3230 743 3326 Credulium',
756 3256 864 3331 supra
871 3236 1087 3331 Sequanam,
1096 3256 1250 3324 sursum,
1264 3246 1419 3303 castrum

360 3345 579 3417 Monsterolii
603 3344 650 3418 ad
671 3346 894 3419 confluentes
911 3348 1114 3444 Sequanam
1129 3359 1165 3416 et
1180 3348 1340 3433 Yonam,
1363 3346 1418 3415 in·

361 3458 468 3532 serius
482 3482 587 3551 vero,
603 3460 989 3554 circummuniam,
1010 3458 1217 3532 Meduntam
1228 3458 1262 3550 ',
1280 3462 1418 3532 Vemo·

361 3598 446 3649 nem
473 3591 509 3648 et
535 3589 659 3649 catera
679 3572 760 3649 loca
780 3598 894 3675 usque
918 3570 964 3649 ad
987 3571 1228 3667 Haraflutum3
1248 3568 1420 3647 tenebant

362 3704 520 3793 utsupra
536 3692 670 3766 flumen
686 3688 786 3789 quod
805 3693 918 3789 vulgo,
931 3694 1043 3791 lorng
1059 3702 1287 3791 nuncupatur
1315 3688 1418 3789 oppi-

362 3806 450 3881 dum
463 3832 546 3881 cum
562 3828 642 3880 arce
656 3806 911 3905 Montis-Argi‘,
928 3804 1171 3879 firmissimum
1183 3820 1290 3905 atque
1305 3804 1422 3875 muni·

364 3922 538 3995 tissimum
555 3922 690 3995 locum.
711 3926 751 3993 ln
769 3920 898 4019 quibus
916 3920 1005 3994 iocis
1029 3946 1113 3994 cum
1137 3942 1266 4017 magna
1287 3917 1421 4017 ubique

364 4038 526 4135 presidia
551 4038 652 4139 Angli
676 4035 911 4131 locavissent,
943 4034 1204 4137 impediebatur
1230 4036 1420 4110 fluminum

365 4152 559 4251 naviguio,
578 4177 662 4228 cum
675 4177 747 4253 qua
763 4152 809 4228 nd
824 4154 958 4227 victum
977 4168 1012 4227 et
1034 4150 1240 4227 alimoniam
1257 4148 1351 4223 illius
1367 4174 1421 4223 re·

408 4424 436 4483 t.
459 4422 545 4483 creil.

407 4512 437 4573 2.
460 4512 579 4569 hiantes.

409 4602 438 4659 3.
459 4600 502 4658 u
515 4594 584 4659 viiie
595 4608 626 4657 et
636 4596 666 4658 ie
678 4598 799 4659 cutm
811 4597 849 4658 ds
862 4598 1029 4678 ssenmgis.
