3892 5892
725 934 1037 1007 ummonmms.
1358 938 1416 995 ers

361 1052 460 1126 villas
476 1054 534 1129 rel
555 1054 659 1128 silvas
674 1054 743 1127 hac
765 1070 872 1155 atque
893 1054 975 1131 illac
992 1056 1219 1154 confugerat,
1239 1082 1316 1131 sese
1330 1058 1418 1133 ellu-

360 1170 472 1244 derat.
509 1172 581 1261 Qui
613 1173 678 1246 etsi
707 1197 833 1247 omnes
864 1173 911 1247 ad
947 1172 1212 1249 defendendam
1239 1178 1417 1252 civitatem

359 1286 499 1360 animos
514 1288 772 1388 applicassent,
792 1303 866 1362 tam
876 1290 993 1363 tenuis
1013 1304 1134 1366 tamen
1152 1304 1227 1367 erat
1243 1292 1313 1367 loci
1336 1320 1420 1369 mu-

359 1402 469 1494 nitio,
494 1416 623 1475 ettam
645 1401 785 1477 validus
807 1417 843 1477 et
866 1418 1014 1503 potens,
1043 1406 1108 1505 qui
1129 1406 1252 1481 aderat
1273 1408 1418 1483 adeam

360 1518 654 1617 expugnandam,
673 1520 866 1613 exercitus,
884 1521 1005 1621 quod,
1022 1522 1302 1624 proculdubio,
1320 1525 1419 1600 nulla

360 1630 407 1705 ad
424 1630 671 1708 obsistendum
687 1634 1010 1726 etreluctandum,
1028 1664 1103 1713 non
1123 1638 1234 1714 modo
1251 1639 1418 1737 facultas,

360 1749 424 1822 sed
450 1774 519 1823 nec
540 1751 754 1851 'apparentia
778 1748 898 1849 aliqua
920 1767 1015 1845 erat,
1040 1780 1114 1856 qua
1146 1756 1183 1830 id
1207 1754 1283 1831 lieri
1314 1781 1420 1858 posse

359 1863 538 1941 ullatenus
553 1868 688 1967 sperari
704 1866 915 1942 debuisset¹.

688 2173 945 2247 carnutum
967 2176 1092 2247 XVlll.

401 2360 549 2419 Consilium
568 2360 643 2435 quod
662 2362 757 2419 Franci
775 2333 809 2418 in·
823 2364 927 2421 civitate
946 2365 1104 2423 Ῑιιοτὶεωί
1126 2381 1284 2441 acceperunt
1301 2387 1381 2445 super
1512 2436 1516 2455 ι

767 2452 877 2509 ulterius
892 2454 1011 2531 offudis.
1181 2467 1185 2475 '

408 2644 515 2717 Facta
530 2654 650 2715 autem
663 2640 817 2714 civiutis
829 2639 1038 2732 deditione,
1057 2640 1186 2715 eodem
1202 2664 1317 2743 prope
1340 2642 1418 2735 die,

358 2782 425 2857 per
439 2756 581 2833 diversa
598 2757 681 2831 loca
696 2754 876 2846 meeis,
893 2754 959 2829 ubi
975 2755 1094 2855 ulqm
1108 2756 1251 2831 auem
1270 2758 1327 2831 vel
1344 2782 1422 2832 mu-
1480 2846 1483 2855 Δ

359 2874 516 2947 ultiones
539 2872 735 2973 Auglomm
760 2886 880 2965 erant,
902 2870 1180 2949 adventantibus
1201 2879 1421 2947 Francorum

359 2990 578 3088 agminibus,
592 3014 720 3063 omues
735 2988 985 3087 hujuscemodi
1005 2991 1224 3067 munitiones
1243 3012 1318 3067 una
1337 3014 1421 3067 cum

360 3105 502 3177 civitate
518 3120 668 3203 receptae
678 3118 776 3194 suut,
791 3104 1036 3203 seexpugnari
1051 3107 1200 3179 minime
1215 3118 1422 3204 exspectau-

360 3236 426 3295 tea.
446 3222 528 3294 Tria
543 3236 665 3295 autem
680 3220 865 3295 dumtaxat
880 3216 960 3290 loca
983 3217 1029 3291 de
1052 3234 1128 3293 tota
1142 3220 1202 3315 illa
1219 3219 1361 3295 dioeoesi
1383 3220 1420 3291 in

400 3470 431 3531 t.
451 3463 641 3545 urppmeber
654 3460 982 3543 dooerecitcaluiqne
995 3463 1057 3541 isit,
1076 3464 1220 3527 deusone
1237 3468 1323 3526 lettre
1337 3463 1422 3523 dide

360 3550 401 3617 du
421 3558 461 3615 25
481 3552 644 3633 septembre
664 3556 763 3628 llll),
778 3551 944 3613 Guillaume
962 3554 1115 3629 domium,
1137 3556 1189 3635 qui
1203 3554 1422 3635 accompagnait

358 3646 478 3707 l’armt‘ee
490 3642 629 3721 smoniae
641 3644 817 3720 (Tbewus
826 3644 1035 3717 anoedotomm,
1050 3657 1072 3704 t.
1081 3648 1114 3721 1,
1126 3646 1182 3708 col.
1197 3648 1297 3721 issl'l),
1313 3656 1342 3703 et
1357 3662 1422 3702 aur*-

359 3746 423 3796 tout
446 3734 475 3793 la
489 3731 637 3804 wmtion
654 3732 693 3791 dc
704 3731 817 3792 liobert
829 3730 952 3791 lilondel
962 3775 971 3805 ,
983 3732 1096 3795 imkre'e
1107 3734 1203 3814 parmi
1220 3734 1263 3793 lae
1275 3732 1371 3813 pidces
1384 3731 1421 3789 de

359 3839 443 3886 notre
454 3824 599 3885 troisidme
611 3822 741 3888 volume.
750 3828 793 3883 ll.
802 3822 840 3883 de
850 3826 894 3883 1·
905 3826 991 3883 Porto
1004 3821 1044 3882 du
1054 3822 1135 3883 ‘lbcil
1148 3843 1165 3884 a
1180 3822 1231 3883 luit
1243 3839 1295 3885 sur
1306 3840 1341 3881 ce
1352 3819 1422 3878 clm-

359 3914 436 3992 pitre
457 3932 516 3973 une
536 3910 678 3973 reflexion
700 3910 753 3989 qui
765 3910 867 3971 mrito
890 3909 983 3971 d’toe
1004 3914 1158 3991 rapportee
1176 3936 1183 3971 ι
1203 3914 1318 3971 «uoce
1334 3908 1422 3968 bisto-

360 4006 422 4063 n'eu
434 4005 502 4083 (qui
514 4004 583 4063 ituit
597 4022 674 4083 pour
684 4002 727 4061 lui
738 4000 932 4083 Amelgard),
947 4020 1061 4061 comme
1076 4000 1118 4063 les
1134 4014 1243 4073 rubes,
1257 3998 1372 4080 purlaut
1384 3994 1421 4056 de

359 4090 388 4151 la
399 4090 545 4153 reddition
558 4090 596 4151 de
606 4090 742 4162 Lisieux,
756 4110 795 4151 en
810 4090 861 4151 fait
872 4090 1009 4151 bonmur
1026 4092 1043 4149 l
1060 4090 1217 4171 longaeac
1230 4092 1291 4149 eti
1307 4086 1335 4147 la
1348 4104 1421 4167 pru-

359 4178 452 4241 deuoe
462 4178 500 4239 de
513 4180 658 4260 l'e'vdque,
670 4180 796 4240 'lbomas
808 4179 905 4241 Basia.
919 4182 993 4239 Saus
1005 4178 1276 4242 vouloirdiminuer
1291 4176 1319 4237 la
1332 4176 1422 4254 repu-

360 4268 451 4327 tatiou
469 4268 539 4347 qo’a
553 4270 663 4331 laissie·
674 4290 709 4329 oa
726 4268 839 4349 prilrt,
852 4268 884 4341 ie
901 4266 947 4327 dis
962 4268 1169 4349 qu'Amolgrrd
1184 4270 1236 4327 eut
1250 4286 1291 4347 pu
1309 4266 1422 4341 ajouter

359 4374 418 4435 que
430 4366 505 4415 cette
516 4356 698 4437 nigocbtion
708 4376 747 4417 ne
760 4358 805 4415 lut
817 4374 871 4435 prs
884 4354 1084 4418 infructuosae
1094 4374 1170 4435 poor
1183 4353 1420 4437 l’augmentation

359 4444 411 4505 dea
427 4444 518 4505 dmits
531 4446 726 4527 ipiacopaux,
740 4464 856 4505 comme
867 4464 906 4504 ou
920 4457 991 4523 peut
1004 4448 1066 4505 a'en
1083 4444 1256 4505 containcre
1277 4464 1314 4505 eu
1335 4444 1422 4504 lisont

359 4534 482 4596 l’article
506 4536 558 4615 qui
583 4554 726 4597 concerno
747 4546 796 4593 ost
817 4533 930 4609 ireque
951 4531 1024 4591 dans
1043 4532 1072 4591 le
1096 4536 1193 4591 Gallia
1210 4534 1385 4595 Christiana.
1405 4556 1420 4585 ι

359 4628 474 4687 Notr'ces
485 4638 515 4685 et
527 4628 661 4685 &truite
675 4626 726 4683 du
737 4623 922 4695 mnnita,
934 4633 958 4687 t.
975 4624 1005 4695 l,
1020 4642 1050 4701 p.
1067 4623 1137 4683 m.
