3892 5892
748 920 860 979 murt
878 918 1042 979 TERTIUS.
1353 924 1412 983 tto

360 1042 477 1115 minus
489 1040 535 1115 de
554 1039 705 1133 Talebot,
725 1066 846 1116 comes
861 1040 1196 1115 Cherosberieusis¹.
1210 1041 1318 1131 Quod
1330 1068 1412 1119 cum

360 1164 450 1235 tueri
466 1162 706 1261 retinereque,
725 1162 754 1235 si
778 1176 941 1261 possent,
963 1161 1067 1235 valde
1083 1176 1248 1261 optarent
1264 1166 1388 1237 Franci
1406 1221 1417 1259 ,

358 1279 518 1377 eoquod
536 1279 582 1353 ad
596 1278 851 1354 coarctandum
868 1277 1132 1377 Rothomagum
1146 1281 1227 1354 satis
1242 1296 1414 1380 opportu-

359 1422 446 1471 num
469 1414 576 1499 atque
592 1398 715 1475 efficax
735 1398 933 1489 videbatur,
954 1399 1094 1473 duabus
1111 1401 1176 1472 viis
1200 1400 1271 1473 hoc
1297 1400 1412 1473 susem

358 1530 587 1623 attentarunt.
1472 1614 1477 1625 ι

408 1636 565 1710 Primum
576 1636 721 1735 quidem
734 1636 883 1710 collecto
897 1635 1054 1736 plurimo
1066 1636 1195 1709 milite·
1204 1635 1272 1709 sub
1280 1634 1414 1711 duoetu

360 1749 502 1823 illustris
521 1752 713 1845 lobannis,
734 1752 875 1827 comitis
892 1754 1092 1842 Dunensis,
1110 1777 1175 1851 per
1195 1776 1299 1851 egros
1315 1752 1413 1825 Cale·

359 1880 487 1939 tenses
492 1891 651 1966 prorsus,
671 1882 710 1941 ut
724 1866 890 1957 diximus,
909 1867 1109 1965 squalentes
1124 1881 1160 1939 et
1175 1866 1334 1941 desertos
1348 1866 1413 1939 ad·

359 1996 543 2056 moventes
570 2006 683 2081 usque
707 2006 820 2083 prope
843 1980 1037 2079 Anglorum
1059 1996 1172 2055 eastra
1199 1984 1410 2076 exercitum,

359 2096 587 2196 explorarunt
602 2100 631 2171 si
652 2122 879 2197 quocumque
897 2097 1008 2171 modo
1024 2122 1066 2171 ea
1087 2098 1230 2197 aggredi
1251 2115 1287 2175 et
1301 2125 1413 2199 expu-

359 2236 466 2309 gnare
491 2229 649 2312 possent.
667 2214 775 2302 Quod
791 2239 874 2286 eum
899 2215 977 2286 sine
999 2214 1187 2287 manilesto
1209 2215 1413 2291 discrimine

358 2328 520 2401 viderent
534 2330 681 2402 minime
697 2328 774 2403 fieri
790 2354 893 2430 posse
914 2334 1036 2427 (eraut
1048 2331 1145 2403 enim
1160 2330 1411 2424 munitissima,

360 2446 586 2541 Francosque
610 2446 762 2519 maxima
790 2444 998 2519 victualium
1022 2446 1172 2544 penuria
1193 2446 1412 2543 perstringe-

362 2556 461 2655 bat),
480 2584 548 2658 pro
562 2558 744 2635 deditione
757 2561 882 2661 oppidi
897 2561 1004 2635 simul
1020 2562 1127 2633 etiam
1143 2575 1179 2633 et
1194 2562 1413 2675 Monasterii·
1553 2600 1559 2617 ·

358 2672 510 2760 Villaris,
529 2674 673 2749 alterius
688 2677 795 2749 vieini
814 2677 862 2749 ad
879 2702 1030 2776 parvum
1047 2672 1220 2760 milliare,
1238 2674 1340 2771 eujus
1355 2676 1413 2747 in·
1542 2720 1545 2727 -

358 2789 445 2863 eolae
467 2789 559 2864 fame
584 2806 691 2889 etque
710 2791 828 2867 inedie
849 2789 1168 2881 consumebantur,
1194 2804 1299 2889 pacta
1327 2814 1411 2863 eum

358 2904 555 3005 Anglorum
577 2904 727 2979 ducibus
749 2908 929 2997 secemnt,
950 2920 987 2981 et
1002 2908 1146 2980 concito
1167 2903 1298 3001 modu,
1318 2903 1411 2979 lame

356 3035 586 3120 perurgente,
604 3020 651 3095 ad
667 3046 731 3095 sua
744 3022 879 3121 oppida
896 3020 1091 3094 redierunt.
1375 3008 1379 3015 ’

404 3135 481 3210 Alia
495 3151 616 3210 autem
639 3140 745 3211 etiam
762 3139 819 3209 via
834 3120 1052 3209 aestimarunt
1067 3161 1173 3235 posse
1190 3134 1326 3234 oppido
1343 3134 1410 3209 ob-

355 3276 451 3323 sesso
478 3276 704 3344 succurrere,
726 3277 826 3349 quae,
854 3252 919 3325 etsi
939 3252 1062 3349 quoad
1087 3252 1158 3324 hoc
1177 3253 1295 3350 ipsum
1319 3251 1409 3324 inel-

355 3370 446 3442 srcar
473 3370 595 3464 luerit,
624 3372 898 3445 tundamentum
927 3386 1046 3443 tamen
1077 3395 1120 3443 er
1145 3370 1218 3442 hoc
1241 3394 1421 3467 magnum¹

352 3487 535 3585 jecerunt,
554 3488 710 3587 ipsisque
725 3486 828 3561 ualde
839 3487 971 3559 utiliter
984 3486 1088 3557 oessit
1103 3486 1140 3556 in
1153 3508 1239 3557 usus
1249 3484 1296 3557 ad
1306 3508 1411 3558 recu-

355 3606 577 3703 perationem
590 3604 698 3676 totius
711 3603 952 3695 Normanniae,
969 3598 1276 3698 quemadmodum
1287 3613 1411 3700 postea

355 3744 421 3793 suo
438 3702 519 3793 loco
534 3721 773 3820 opportunius
783 3734 993 3793 retexemus.
1009 3716 1166 3791 Collecta
1176 3718 1272 3790 enim
1285 3717 1411 3790 Franci

354 3838 439 3909 satis
467 3860 659 3911 numerosa
681 3836 805 3909 militia
826 3861 871 3909 ex
884 3836 1032 3910 diversis
1053 3833 1173 3907 Gutiae
1194 3831 1407 3933 provinciis,

354 3952 547 4050 prasertim
560 3950 606 4024 de
619 3950 792 4025 Vasconia
805 3964 839 4023 et
851 3950 1109 4048 Aquitanorum
1121 3947 1275 4039 finibus,
1293 3946 1412 4019 ‹leore-

356 4085 484 4143 verunt
508 4069 596 4143 illud
621 4069 797 4169 oppidum
820 4066 1036 4167 appellatum
1052 4065 1283 4154 locusveris,
1311 4062 1411 4160 quod

360 4183 406 4257 ab
420 4186 540 4281 Anglis
554 4185 657 4259 luisse
670 4183 881 4257 demolitum
893 4198 1001 4281 atque
1021 4182 1180 4254 dirutum
1192 4204 1300 4279 supra
1319 4179 1410 4252 dixi·

399 4382 428 4439 l.
457 4379 548 4441 ilenri
567 4381 716 4459 monfort,
738 4392 846 4451 comte,
876 4390 905 4438 et
927 4396 987 4437 non
1010 4396 1062 4456 pas
1086 4396 1190 4436 encore
1218 4374 1275 4435 dne
1293 4374 1330 4435 de
1354 4376 1410 4435 So·

357 4480 483 4542 memet,
506 4480 535 4527 et
556 4466 621 4527 lord
634 4468 749 4543 Trlbot,
771 4468 822 4546 qni
844 4485 882 4527 ne
902 4466 946 4525 lut
963 4476 1057 4525 oomte
1071 4465 1109 4525 de
1121 4463 1310 4543 shrewsbury
1324 4472 1416 4543 qu'en

356 4562 446 4633 lut,
461 4576 572 4619 comme
585 4576 624 4615 ou
635 4557 674 4617 l’a
686 4556 750 4630 «leil
763 4556 923 4635 remarqui.

397 4652 427 4710 ἱ.
450 4646 579 4709 Aumois
592 4644 739 4705 d’octobre
750 4648 840 4705 illo.
