3892 5892
739 924 847 981 unna
868 922 1051 995 Quantus.
1369 924 1436 981 aor-

371 1042 464 1146 dites
479 1066 599 1121 arcem
615 1044 903 1140 ωιωὶῑὶεείωαω,
921 1072 1001 1145 quae
1014 1046 1050 1117 in
1060 1060 1218 1119 extremo
1233 1046 1371 1143 pontis,
1384 1046 1430 1120 ad

372 1162 483 1259 ipsius
500 1161 703 1236 custodiam
713 1164 798 1249 sita,
816 1163 1097 1260 circumquaque
1108 1162 1260 1257 cingitur
1269 1163 1432 1260 Sequana

372 1277 542 1370 flumine,
560 1302 689 1375 magna
704 1277 885 1351 eeleritate
900 1292 1135 1377 occuparunt.
1151 1278 1213 1349 Cui
1226 1302 1310 1349 cum
1327 1303 1432 1379 expu-

370 1392 524 1489 guandae
537 1418 619 1493 pars
633 1392 874 1480 incumberet,
889 1391 948 1465 alii
963 1392 1196 1465 nihilominus
1209 1417 1273 1492 per
1283 1408 1432 1491 pontem

371 1508 420 1582 ad
437 1509 626 1612 oppidum,
643 1508 848 1582 adulteram
863 1509 1019 1583 lluminis
1033 1510 1149 1609 ripam
1163 1510 1284 1603 eitum,
1299 1533 1430 1610 magno

370 1649 458 1697 cum
475 1626 612 1724 impetu
629 1638 871 1699 accurrerunt.
910 1702 914 1707 ,

422 1746 508 1813 Erat
529 1757 607 1815 tum
632 1742 668 1813 in
699 1742 778 1841 ipso
805 1740 941 1841 oppido
963 1766 1084 1813 comes
1109 1740 1163 1841 de
1179 1741 1397 1845 Fallenberg
1405 1750 1427 1835 ¹,

371 1854 447 1929 dux
466 1871 573 1929 certae
588 1856 721 1929 militiae
742 1855 957 1953 taglicanae,
976 1856 1038 1953 qui
1054 1856 1100 1929 ad
1115 1856 1308 1931 clamorem
1323 1874 1359 1932 et
1376 1874 1430 1932 tu-

374 1973 550 2064 multum,
565 1974 629 2071 qui
640 1972 687 2046 ad
699 1986 843 2071 portam
858 1970 983 2071 oppidi
1000 1986 1036 2043 et
1048 1973 1084 2045 iu
1097 1975 1314 2073 arcispontiu
1324 1996 1431 2071 expu-

372 2090 544 2185 gnatione
569 2086 724 2179 fiebant,
753 2088 916 2161 concitus
935 2087 983 2161 ad
1007 2088 1120 2187 ipsam
1144 2089 1269 2189 oppidi
1290 2104 1431 2189 portam

375 2201 608 2275 muniendam
624 2201 960 2300 defendendamque
977 2202 1137 2293 advenit;
1162 2205 1246 2295 sed,
1264 2204 1348 2276 licet
1367 2202 1430 2278 nli-

373 2316 535 2411 quaudiu
551 2315 764 2387 nonnullam
781 2315 919 2389 lecisset
926 2317 1183 2407 resistentiam,
1198 2316 1297 2389 brevi
1310 2332 1431 2391 tamen

374 2445 480 2529 porta
494 2445 717 2529 expugnata,
738 2431 775 2503 in
793 2430 953 2504 hostium
969 2445 1181 2531 potestatem
1197 2433 1370 2531 pervenit.
1391 2436 1433 2504 Et

373 2563 501 2648 captus
515 2549 664 2647 quidem
680 2547 777 2621 idem
794 2574 918 2623 comes
934 2550 1036 2622 suita
1053 2548 1211 2649 quodam
1227 2548 1429 2645 sagittario,
1472 2528 1490 2560 ’

374 2663 517 2763 plebeio
535 2667 632 2760 viro,
652 2666 728 2757 cui,
750 2691 834 2739 cum
852 2665 960 2738 fidem
976 2667 1079 2755 dare,
1095 2690 1140 2740 eo
1151 2664 1251 2764 quod
1266 2662 1431 2760 ignobilis

374 2795 485 2875 esset,
504 2781 637 2855 diutius
660 2780 894 2872 detrectaret,
915 2806 1016 2883 paene
1033 2780 1325 2855 morticinam-it
1342 2780 1432 2881 peri·

374 2896 509 2969 culum.
528 2896 637 2986 Quod
651 2922 736 2970 curu
758 2897 843 2971 allas
858 2897 1013 2995 effugere
1031 2897 1179 2970 minime
1194 2910 1334 2997 posset,
1351 2899 1432 2970 vitre

374 3037 448 3084 suae
461 2996 666 3105 cousulens,
687 3014 806 3087 eidem
824 3038 863 3087 se
879 3015 1059 3113 captivum
1076 3013 1188 3087 dedit.
1207 3019 1294 3086 Arce
1311 3014 1431 3112 itaque

373 3129 517 3227 pontis,
536 3144 649 3227 atque
660 3130 800 3228 oppido
817 3143 855 3203 et
874 3144 984 3227 ponte
999 3131 1109 3228 ipsius
1125 3129 1210 3223 loci,
1236 3130 1336 3227 quia
1361 3134 1431 3203 llo·

377 3242 549 3339 thomago
569 3260 729 3342 quatuor
751 3245 860 3317 leucis
884 3245 1064 3339 gallicanis
1085 3244 1211 3336 distat,
1230 3245 1302 3318 hoc
1319 3245 1430 3319 modo

377 3360 501 3431 Franci
512 3361 616 3459 potiti
631 3374 715 3433 sunt
730 3360 831 3431 initio
849 3361 981 3431 mensis
993 3362 1074 3433 maii
1083 3365 1107 3449 ²,
1117 3384 1212 3433 auno
1222 3386 1427 3435 uccccmx.

720 3642 974 3715 ctruuuuu
998 3644 1089 3712 xlv.

393 3824 470 3894 Quid
479 3826 562 3901 egerit
569 3825 626 3881 dux
635 3826 817 3894 Summoroeti,
832 3814 1143 3899 exaietenu'llothomagi,
1155 3826 1245 3882 audita
1253 3838 1279 3882 et
1291 3840 1414 3901 percepta

659 3922 782 3993 captione
792 3918 994 3974 Pontia-Arche
1005 3936 1022 3972 a
1032 3918 1148 3973 Francia.

416 4097 536 4194 Cujus
546 4096 756 4203 perditionis
774 4122 858 4169 cum
870 4096 917 4171 ab
927 4097 985 4169 his
997 4098 1058 4196 qui
1071 4096 1154 4169 inde
1171 4094 1432 4193 Rothomagum

376 4204 625 4302 aufugiebant,
646 4208 742 4281 illico
763 4210 941 4282 nuntiatio
965 4208 1017 4282 ad,
1030 4208 1159 4281 ducem
1179 4208 1430 4300 summerseti,

377 4331 556 4390 rectorem
572 4321 785 4417 provinciae,
802 4320 1022 4420 pervenisset
1050 4322 1153 4417 (nam
1179 4334 1261 4392 ante
1278 4318 1431 4393 duarum

417 4548 449 4607 l.
476 4546 603 4605 william
616 4548 722 4621 Nerill,
732 4546 796 4607 lord
810 4546 1028 4631 Falconbridge‚
1038 4549 1104 4629 plna
1117 4549 1180 4609 tard
1193 4561 1286 4611 comte
1297 4548 1334 4611 do
1343 4554 1430 4615 Kent.

416 4650 445 4711 2.
466 4651 508 4708 Le
521 4651 560 4706 to
576 4646 643 4709 mai.
