3892 5892
985 661 995 697 1

584 867 624 924 tt
863 866 1122 928 fflsmmaatm
1140 869 1278 930 CAROH
1297 872 1351 930 vu

585 1011 684 1087 gam,
703 1000 874 1086 pontem,
894 1002 992 1061 metu
1009 989 1181 1089 perculsi,
1199 1017 1268 1092 pro
1284 1018 1351 1066 suo
1367 994 1570 1067 munimine
1585 993 1639 1066 ad·

583 1129 707 1178 versus
718 1103 839 1177 hostes
849 1104 1025 1180 levassent
1038 1134 1047 1180 :
1062 1109 1362 1208 prosequentibus
1372 1124 1484 1210 atque
1501 1111 1640 1211 gravitu

584 1222 854 1294 imminentibus
869 1223 1204 1322 Burgundionibus,
1223 1240 1278 1300 tot
1288 1227 1398 1326 partis
1412 1227 1588 1316 adversae,
1602 1225 1640 1298 de

584 1353 695 1438 ponte
710 1337 897 1430 cadentes,
912 1339 950 1410 in
966 1339 1116 1414 flumine
1131 1339 1295 1415 suffocati
1305 1356 1407 1436 sunt,
1426 1359 1493 1438 ut,
1510 1341 1576 1416 sub
1587 1340 1640 1412 illo

585 1457 705 1556 pontis
731 1481 836 1547 arcu,
865 1457 1022 1529 fluminis
1050 1482 1175 1531 cursus
1198 1457 1309 1532 ferme
1331 1459 1531 1560 impeditus
1548 1457 1640 1531 luerit

584 1586 620 1644 et
636 1571 853 1646 obstructus.

843 1904 845 1908 ,
945 1819 1200 1888 mmrutuu
1226 1821 1286 1890 vr.

638 2020 682 2074 Ob
690 2037 755 2091 qum
768 2035 859 2074 cauus
870 2018 1001 2074 timitem
1011 2061 1019 2088 ,
1029 2037 1077 2074 rex
1085 2022 1231 2094 auglorum
1245 2063 1254 2090 ,
1266 2039 1377 2096 regnum
1385 2022 1556 2079 Francorum
1564 2021 1594 2076 sit

1043 2130 1188 2184 eggressus.

633 2312 725 2382 Cum
745 2322 867 2383 autem
892 2308 1000 2382 talem
1026 2334 1146 2382 rerum
1170 2309 1447 2410 dispositionem
1475 2313 1514 2384 in
1540 2331 1636 2406 regno

585 2429 802 2498 Francorum
818 2425 955 2524 antiqui
967 2424 1089 2499 hostes
1105 2425 1214 2524 ipsius
1229 2427 1330 2526 regni
1346 2425 1449 2525 Angli
1467 2425 1634 2510 viderent,

585 2557 621 2614 et
648 2543 811 2615 civilibus
843 2541 1125 2615 dissensionibus
1156 2555 1263 2641 atque
1290 2541 1530 2617 acerbissimis
1558 2539 1635 2614 odiis

585 2658 739 2730 invicem
748 2657 870 2731 omnia
888 2656 1047 2755 impleri,
1060 2654 1196 2729 turbari
1212 2671 1248 2730 et
1256 2657 1448 2749 confundi,
1469 2669 1635 2758 opportu-

584 2774 732 2846 nitatem
751 2771 892 2846 allatam
906 2770 973 2843 sibi
989 2795 1064 2844 esse
1080 2772 1148 2844 rati
1169 2787 1273 2864 sunt,
1300 2798 1453 2870 regnum
1471 2775 1588 2874 ipsum
1605 2780 1634 2839 et

583 2902 715 2980 terras,
734 2888 770 2958 in
788 2885 917 2983 quibus
928 2885 1004 2982 jam
1022 2910 1044 2958 a
1060 2886 1180 2958 multis
1206 2889 1310 2960 annis
1333 2889 1392 2984 jus
1408 2889 1542 2963 habere
1557 2907 1633 2958 con-

584 3000 754 3092 tendunt,
779 2999 974 3072 invadendi
999 3015 1035 3073 et
1061 3025 1246 3075 armorum
1271 3003 1406 3076 viribus
1420 2998 1629 3103 acquirendi.

632 3117 686 3191 Ad
701 3118 802 3216 quod
817 3117 924 3190 etiam
942 3116 1224 3215 aggrediendum
1242 3143 1317 3191 nou
1335 3143 1466 3218 parum
1481 3121 1561 3194 illos
1575 3117 1630 3188 im·

583 3233 765 3333 pellebant
785 3231 919 3306 damna
941 3246 978 3305 et
988 3232 1202 3306 detrimenta
1218 3257 1319 3333 paene
1337 3235 1548 3326 innumera,
1565 3251 1631 3329 quae
1669 3285 1675 3304 .

583 3351 629 3426 ab
646 3353 706 3447 iis,
724 3353 788 3451 qui
808 3351 995 3451 piraticam
1021 3351 1058 3422 in
1080 3349 1216 3449 oppido
1241 3348 1287 3423 de
1315 3351 1485 3449 Hareslu¹
1515 3363 1550 3423 et
1579 3367 1631 3446 per

582 3494 684 3542 oraru
694 3469 908 3542 maritimam
917 3467 1143 3540 Normanniae
1150 3465 1377 3561 exercebant,
1386 3466 1535 3564 singulis
1544 3483 1630 3566 paene

580 3584 708 3657 diebus
718 3583 953 3656 sustinebant.
967 3587 1059 3654 Cum
1071 3583 1168 3655 enim
1181 3582 1354 3657 insulares
1370 3585 1454 3676 sint,
1470 3585 1508 3656 in
1521 3577 1628 3656 medio

582 3725 720 3774 oceano
737 3700 814 3792 siti,
832 3699 1064 3789 commercia,
1083 3722 1162 3795 quae
1176 3699 1396 3798 permaxima
1414 3698 1465 3771 ibi
1489 3697 1564 3771 fieri
1578 3716 1630 3764 so-

581 3815 714 3906 lebant,
735 3838 810 3886 nou
827 3813 896 3886 nisi
911 3837 976 3913 per
996 3837 1094 3886 mare
1107 3811 1183 3885 fieri
1201 3828 1370 3912 possunt,
1387 3838 1472 3886 cum
1488 3836 1555 3888 nec
1574 3829 1628 3908 pt·

580 3935 649 4006 tria
669 3931 778 4020 exiri,
803 3928 1109 4026 exportandarum
1134 3930 1309 4002 mercium
1338 3954 1486 4002 suarum
1512 3944 1626 4002 causa,

580 4071 647 4120 nec
662 4047 717 4129 ⁴ab
740 4044 867 4117 exteris
888 4041 1053 4138 gentibus
1076 4057 1112 4116 et
1131 4043 1234 4116 terris
1249 4043 1297 4116 ad
1316 4068 1378 4116 eos
1399 4043 1547 4131 accedi,
1569 4032 1627 4109 nisi

578 4159 860 4250 transfretando,
879 4159 1004 4257 possit.
1029 4158 1212 4231 Continuo
1225 4183 1313 4230 vero
1330 4183 1352 4230 a
1369 4159 1472 4232 dictis
1489 4165 1626 4232 Norma·

579 4281 650 4352 uici
663 4279 790 4352 littoris
802 4276 926 4378 piratis
941 4275 1033 4348 adeo
1047 4289 1162 4347 totum
1177 4273 1266 4347 illud
1282 4275 1524 4356 britannicum
1541 4285 1626 4344 mare

580 4391 823 4488 infestabatur,
841 4391 943 4493 quod
965 4391 1094 4488 aliquis
1115 4391 1381 4487 negotiatorum
1398 4390 1482 4464 illuc
1502 4387 1624 4463 adeun·

620 4605 651 4664 1.
671 4599 816 4660 ursum.
