3892 5892
567 925 625 982 316
849 919 1106 980 tltstomttttttt
1125 920 1269 978 cattum
1291 921 1349 976 vlt

566 1048 660 1120 vitor
674 1058 786 1118 noctu
801 1042 998 1117 adventans
1010 1067 1093 1116 cum
1110 1068 1184 1117 una
1201 1057 1271 1116 aut
1287 1069 1378 1116 cum
1392 1041 1532 1116 duabus
1547 1039 1627 1112 mio·

565 1160 764 1260 paronibus
788 1161 897 1258 (quas
922 1159 1050 1256 galleas
1074 1159 1221 1232 subtiles
1243 1184 1315 1232 seu
1332 1160 1512 1232 cursorias
1531 1152 1626 1252 vulgo
1708 1225 1709 1240 ,

565 1275 787 1376 appellant),
812 1274 981 1348 eumdem
1004 1273 1180 1347 Jacobum
1205 1275 1365 1368 Cordis,
1399 1276 1474 1346 suis
1502 1271 1627 1368 adjutus

566 1391 796 1485 satellitibus,
812 1390 857 1463 de
879 1403 1060 1463 conventu
1081 1390 1266 1464 dictorum
1284 1395 1456 1465 Fratrum
1473 1383 1623 1468 extraxit,
1710 1413 1711 1420 ¹

566 1514 603 1574 et
619 1501 657 1573 iu
674 1501 923 1598 mioparonem
935 1497 1166 1595 deportatum
1182 1498 1316 1572 vinclis
1333 1495 1507 1584 absolvit,
1520 1507 1552 1564 et
1564 1513 1625 1562 snae

567 1619 718 1693 restituit
729 1618 895 1692 libertati.
915 1618 987 1705 Qui
1002 1631 1128 1716 postea
1143 1642 1165 1690 a
1180 1641 1332 1692 summo
1344 1613 1519 1716 pontifice
1535 1609 1625 1682 Nico·

567 1731 626 1806 lan
641 1737 652 1774 ¹
670 1731 885 1830 quibusdam
901 1728 1021 1827 galleis
1039 1731 1273 1830 praepositus,
1294 1755 1392 1828 quas
1407 1741 1533 1802 contra
1555 1717 1624 1792 infi-

568 1845 666 1921 deles
681 1859 899 1937 armaverat,
912 1869 996 1918 cum
1013 1859 1199 1918 strenuum
1217 1871 1255 1920 se
1271 1843 1467 1944 aliquanto
1480 1855 1623 1935 tempore

568 1964 605 2034 in
626 1957 835 2057 hujusmodi
857 1959 975 2033 navali
998 1958 1205 2060 praebuisset
1220 1960 1422 2050 exercitio,
1442 1976 1538 2030 mors
1552 1945 1622 2020 inde

567 2089 752 2151 contracta
771 2099 855 2148 eum
874 2074 922 2146 ad
951 2075 1143 2148 feliciorem
1171 2077 1283 2150 vitam
1315 2102 1361 2150 ex
1389 2074 1460 2146 hac
1486 2058 1620 2141 instabili

567 2193 649 2267 luce
665 2191 856 2265 evocavit¹
875 2219 884 2264 τ
908 2192 1025 2264 virum
1051 2192 1185 2290 quippe
1211 2191 1289 2266 sine
1307 2191 1440 2266 litteris
1456 2181 1556 2258 valde
1577 2177 1622 2246 in·

570 2307 676 2404 genio
704 2306 914 2399 callentem,
939 2321 977 2379 et
1003 2307 1039 2378 in
1063 2305 1254 2382 mundanis
1283 2306 1434 2382 actibus
1458 2295 1620 2374 oculatum

570 2423 674 2498 valde
691 2439 729 2498 et
743 2423 983 2497 industrium·
1436 2440 1440 2450 ·

618 2542 707 2629 Quis
720 2555 840 2616 antem
852 2537 1045 2638 aliquando
1056 2539 1228 2614 aestimare
1239 2542 1421 2640 potuisset
1434 2549 1474 2608 ut
1492 2521 1620 2606 Carolus

569 2680 648 2747 rex,
678 2657 736 2728 cui
761 2671 836 2728 tarn
861 2654 1013 2729 fideliter
1038 2678 1082 2729 ac
1108 2655 1233 2728 sedulo
1259 2656 1503 2738 ministrarat,
1529 2656 1561 2716 et
1581 2634 1619 2710 ad

569 2772 672 2868 cujus
702 2786 838 2845 tantam
857 2769 1131 2843 familiaritatem
1146 2785 1272 2870 atque,
1291 2788 1335 2846 ut
1353 2797 1375 2846 a
1390 2762 1528 2843 eunctis
1541 2750 1618 2830 aestl·

570 2885 748 2975 mabatur‚
772 2885 965 2958 amicitiam
991 2899 1205 2977 accesserat,
1231 2886 1268 2958 in
1296 2911 1385 2960 eum
1411 2893 1532 2984 postea
1557 2884 1616 2942 tam

571 3000 681 3072 dunas
709 3012 745 3070 et
769 3020 913 3070 severus
937 3021 1013 3070 esse
1035 2998 1232 3097 potuisset?
1254 3001 1326 3074 Sed
1352 2993 1482 3102 procul
1505 2981 1615 3066 dubi0r

569 3111 747 3214 quidquid
760 3112 797 3184 in
812 3135 898 3184 eum
909 3111 1166 3188 obtenderetur
1179 3115 1339 3188 criminis
1351 3114 1465 3203 unde,
1479 3097 1615 3180 conficto

569 3224 690 3301 colore
705 3226 867 3325 justitiae,
880 3228 957 3325 ejus
970 3225 1152 3301 damnatio
1170 3243 1364 3332 peteretur,
1381 3226 1500 3302 solum
1515 3231 1615 3290 tanen

570 3342 659 3419 illud
682 3344 719 3416 in
742 3368 825 3418 eum
850 3343 942 3442 regis
972 3344 1202 3418 acerbitatem
1233 3345 1465 3434 accenderat,
1491 3325 1615 3435 quoda

571 3460 799 3561 nequissimis
832 3458 1051 3535 delatoribus
1083 3459 1216 3534 dictam
1242 3459 1432 3561 pulchram
1465 3459 1613 3549 agneten

571 3579 690 3654 toxico
705 3576 893 3677 appetiisse
907 3589 1110 3675 suggestum
1123 3577 1227 3674 regiis
1241 3576 1390 3652 auribus
1405 3571 1615 3658 affinumqut

570 3693 698 3766 luerat.
728 3693 781 3766 De
805 3715 880 3789 qno
906 3691 992 3766 inde
1023 3705 1060 3798 et
1088 3689 1256 3766 omnibus
1288 3691 1364 3766 aliis
1392 3689 1460 3766 sibi
1486 3667 1613 3776 objectis

571 3805 799 3898 criminibus,
820 3831 904 3878 cum
925 3805 973 3878 ad
994 3806 1073 3880 vitae
1093 3806 1200 3904 liujus
1224 3808 1421 3908 corporalis
1436 3803 1613 3877 extremum

572 3922 789 4013 devenisset,
807 3945 846 3993 se
861 3945 986 3994 coram
998 3920 1117 3995 multis
1129 3938 1352 3997 sacramento
1365 3943 1495 4021 magno
1506 3919 1613 4006 expos·

574 4061 673 4136 gasse
688 4035 881 4129 serebatur,
900 4051 937 4110 et
951 4037 1027 4136 regi
1044 4050 1152 4135 atque
1169 4037 1388 4114 delatoribus
1403 4037 1474 4112 suis
1488 4020 1613 4101 venitm

573 4153 731 4247 dedisse,
749 4166 785 4226 et
805 4176 827 4226 a
848 4177 991 4227 summo
1013 4155 1091 4226 Deo
1114 4155 1330 4254 imprecatus
1349 4169 1388 4228 ut
1404 4147 1522 4228 omnia
1536 4139 1569 4211 in
1582 4149 1613 4201 ⁵⁰

574 4358 757 4420 dismmtion
771 4359 809 4418 de
822 4363 963 4440 nonamy,
979 4359 1050 4422 dans
1062 4358 1091 4422 le
1104 4373 1181 4422 tome
1193 4364 1252 4422 XX
1264 4359 1315 4422 des
1326 4366 1477 4422 Me'mor'm
1488 4353 1522 4410 δὲ
1534 4341 1613 4404 l'ffl'

575 4447 668 4503 domm
683 4450 734 4504 des
746 4450 928 4526 lmcriptinnr
941 4462 971 4507 et
981 4453 1204 4512 Bellenbettm.

616 4541 646 4598 t.
667 4536 782 4597 Nioolas
792 4541 829 4598 V.

616 4626 647 4686 2.
669 4627 748 4686 Dans
762 4623 824 4687 l’ile
836 4626 873 4690 de
885 4629 967 4690 chio.
