3892 5892
547 899 584 956 ta
830 893 1089 958 fflstnnltnuu
1110 899 1246 957 cauom
1267 899 1317 956 vn

545 1044 693 1120 prorsus
708 1022 922 1094 exstinctum
936 1021 995 1113 sit,
1010 1020 1074 1094 sed
1090 1045 1191 1094 more
1203 1020 1326 1118 hydrae
1337 1023 1526 1120 serpentis,
1535 1046 1618 1094 uno

546 1136 683 1208 succiso
696 1137 828 1236 capite,
843 1136 911 1208 alia
920 1151 1165 1227 renascantur,
1178 1149 1226 1226 et,
1245 1133 1367 1209 avulsa
1383 1159 1456 1208 una
1471 1135 1615 1224 radice,

545 1250 665 1324 adhuc
690 1277 732 1325 ex
760 1265 880 1324 vetere
901 1253 1079 1325 malorum
1097 1251 1336 1324 nefandorum
1353 1252 1484 1325 iterum
1501 1267 1619 1350 atque

546 1390 641 1440 nova
656 1366 822 1464 pestilera
836 1390 935 1463 seges
948 1367 1132 1463 exsurgit¹.

597 1485 708 1553 Porro
726 1481 835 1554 duces
854 1480 1161 1553 Aurelianensium
1177 1481 1352 1580 panium,
1373 1481 1437 1577 qui
1451 1479 1519 1552 sub
1538 1505 1617 1552 no-

547 1597 645 1670 mine
661 1599 759 1693 regio
776 1595 994 1684 militabant,
1005 1620 1093 1694 quas
1105 1611 1301 1696 potuerunt
1319 1595 1426 1668 urbes
1442 1609 1477 1668 et
1494 1610 1618 1670 turres

495 1786 498 1795 ,
547 1713 754 1802 munierunt
769 1727 876 1808 atque
892 1726 1106 1802 tenuerunt,
1124 1737 1168 1784 ne
1182 1713 1230 1786 ad
1246 1728 1365 1812 partes
1383 1712 1618 1809 Burgundio-

547 1853 635 1901 num
649 1827 856 1903 delicerent.
870 1828 962 1900 Alias
973 1852 1058 1899 vero
1070 1851 1149 1924 quae
1163 1826 1405 1914 suasionibus,
1418 1851 1508 1924 quas
1521 1852 1619 1925 prae·

547 1941 723 2031 misimus,
747 1954 783 2010 et
798 1939 1095 2012 machinamentis
1115 1939 1162 2012 ad
1179 1962 1238 2012 eas
1255 1954 1372 2038 partes
1387 1955 1617 2012 accesserant

547 2067 583 2124 et
606 2077 735 2149 magna
757 2052 945 2125 allectione
969 2052 1216 2144 adhaerehant,
1240 2077 1423 2126 armorum
1448 2055 1619 2151 potentia

546 2168 716 2240 edomare
732 2182 839 2265 atque
859 2192 1069 2268 recuperare
1084 2169 1311 2242 studuerunt.
1331 2173 1375 2240 Et
1390 2170 1512 2267 plures
1530 2171 1620 2264 qui-

547 2285 632 2357 dem
654 2285 692 2357 iu
708 2285 812 2384 plaga
827 2285 1000 2357 Occitana
1024 2309 1137 2383 parvo
1154 2287 1301 2382 negotio
1326 2285 1363 2356 in
1386 2284 1618 2358 deditionem

547 2415 775 2501 receperunt,
793 2400 850 2474 vel
875 2402 983 2474 etiam
1000 2415 1315 2500 expugnaverunt;
1335 2401 1489 2498 aliquas'
1501 2427 1617 2494 vern,

548 2518 606 2590 vel
629 2518 765 2615 majore
786 2517 1006 2617 populorum
1023 2517 1222 2614 frequentia
1237 2516 1397 2608 refertas,
1415 2517 1472 2590 vel
1489 2517 1538 2590 ad
1554 2543 1620 2591 re-

547 2634 744 2726 sistendum
757 2633 908 2706 validius
929 2647 964 2705 et
979 2633 1161 2706 robustius
1184 2635 1441 2724 communitas,
1461 2635 1620 2708 minime

548 2762 770 2849 receperunt.
792 2753 922 2844 Regem
936 2762 1056 2820 autem
1073 2750 1211 2848 ipsum,
1227 2774 1335 2847 quem
1352 2750 1481 2821 mentis
1497 2751 1621 2849 impo-

548 2878 621 2936 tem
649 2879 685 2936 et
712 2863 905 2963 prudentia
930 2878 1106 2936 exsortem
1137 2865 1270 2938 lactum
1301 2865 1407 2938 fuisse
1433 2865 1614 2954 diximus,

547 3002 633 3050 cum
648 2978 804 3050 exercitu
818 2977 1051 3069 validissim0,
1065 2981 1256 3052 contractis
1270 2980 1379 3052 totius
1395 3005 1496 3078 paene
1508 2984 1617 3078 regni

546 3091 699 3187 viribus,
713 3107 797 3166 ante
811 3093 1020 3167 Atrebatum
1034 3093 1213 3167 duxerunt
1228 3097 1357 3192 (quiin
1373 3096 1528 3168 exercitu
1543 3121 1616 3168 suo

547 3222 692 3280 centum
716 3224 935 3282 armatorum
954 3209 1065 3282 millia
1083 3225 1160 3282 tum
1181 3211 1348 3283 asseritur
1364 3210 1564 3306 habuisse),
1576 3227 1617 3284 et

547 3323 597 3396 ibi
619 3351 686 3425 per
701 3326 838 3423 aliquot
857 3325 1105 3398 hebdomadas
1128 3341 1244 3399 castra
1264 3325 1387 3398 metati
1403 3339 1499 3398 sunt.
1518 3330 1614 3398 Cum

547 3465 635 3514 vero
662 3442 758 3514 cives
776 3467 840 3541 per
857 3443 1023 3532 nuntios,
1041 3467 1132 3538 quos
1149 3440 1196 3514 ad
1220 3465 1340 3538 regem
1362 3440 1612 3532 destinarunt,

548 3557 802 3660 profiterentur
817 3559 995 3631 civitatem
1011 3556 1109 3628 illam
1131 3556 1199 3628 sibi
1223 3555 1366 3629 fidelem
1392 3569 1499 3651 atque
1522 3555 1615 3628 obe-

547 3675 707 3748 dientem
726 3699 821 3761 esse,
841 3674 1001 3772 nihilque
1024 3672 1168 3745 subesse
1193 3697 1307 3746 causae
1332 3686 1614 3772 propterquam

549 3818 623 3887 eos,
635 3792 782 3865 minime
791 3790 859 3862 sibi
870 3790 1106 3880 adversarios,
1117 3790 1224 3862 armis
1232 3789 1405 3888 impetere
1413 3788 1611 3880 debuisset,

549 3908 784 3981 obtinuerunt
799 3921 840 3978 ut
855 3931 936 3997 rex,
953 3906 1071 3978 soluta
1083 3904 1290 3996 obsidione,
1312 3904 1544 3978 discederet⁸.

588 4134 707 4194 l··(2eci
721 4152 739 4193 a
752 4131 798 4193 dte
811 4131 883 4192 derit
894 4149 931 4190 eu
945 4131 1036 4192 titt.
1068 4179 1079 4201 ,

589 4225 619 4283 2.
640 4223 738 4282 Plutdt
750 4226 835 4281 alius.

590 4317 618 4375 3.
636 4317 678 4373 Ie
690 4313 770 4394 siege
781 4312 899 4372 d’Arrns
922 4324 972 4371 eut
993 4310 1053 4372 lieu
1072 4329 1110 4370 en
1123 4313 1201 4368 llll
1215 4309 1299 4388 apres
1313 4309 1340 4368 le
1363 4327 1410 4368 sae
1429 4307 1466 4367 de
1481 4307 1616 4368 Suistous

548 4402 685 4480 rapportd
697 4401 770 4462 dans
782 4402 811 4463 le
821 4401 951 4481 chapitre
959 4401 1011 4480 qui
1021 4401 1088 4462 suit.
1099 4403 1140 4459 Le
1153 4398 1236 4458 traite
1246 4398 1351 4477 auquel
1367 4397 1494 4457 l'auteur
1509 4395 1561 4456 lait
1576 4397 1616 4457 ici

550 4495 692 4571 allusion,
707 4511 752 4558 est
766 4495 838 4558 dans
851 4496 1030 4572 Monstrelet‚
1046 4495 1069 4554 l.
1086 4497 1111 4570 Ι,
1127 4513 1153 4552 c.
1170 4493 1240 4552 tat.
