3892 5892
521 888 579 947 482
670 873 675 884 ’
805 880 1060 941 msmmsuuu
1079 880 1215 941 canon
1234 882 1287 939 VII

522 1008 658 1107 probra
673 1030 909 1105 quocumque
922 1004 980 1077 vel
995 1005 1140 1101 injurias
1157 1005 1249 1079 serre
1265 989 1458 1105 patienter,
1480 1000 1578 1080 intra

522 1146 657 1223 paucos
677 1122 754 1195 dies
776 1110 910 1226 morbo
927 1119 1012 1193 inde
1034 1134 1236 1214 contracto,
1263 1146 1305 1193 ex
1329 1119 1397 1195 hac
1419 1118 1578 1193 instabili

521 1238 602 1311 luce
630 1252 684 1311 est
704 1225 931 1310 subtractus.
959 1236 1029 1323 Qui
1053 1236 1236 1334 proiecto,
1264 1237 1294 1308 si
1318 1260 1358 1309 se
1383 1235 1577 1333 adjungere

523 1357 716 1440 curavisset
732 1354 800 1426 iilis
817 1353 1011 1449 anglorum
1031 1350 1182 1423 ducibus
1198 1365 1306 1450 atque
1329 1352 1461 1447 militiae
1480 1366 1578 1425 vete·

524 1469 813 1565 ranorum,1qui
844 1468 938 1539 circa
961 1465 1052 1539 fines
1081 1466 1382 1563 Rothomagenses
1408 1482 1444 1540 et
1476 1468 1513 1537 in
1534 1490 1578 1539 ea

525 1586 613 1657 unbe
632 1601 710 1658 tum
728 1582 897 1673 aderant,
915 1605 1111 1679 eorumque
1126 1584 1179 1659 uti
1192 1583 1359 1675 consilio,
1378 1582 1495 1680 aliqua
1510 1606 1579 1682 pro

526 1698 723 1798 auglorum
735 1696 899 1769 dominio
912 1693 1015 1768 vaide
1032 1695 1131 1767 utilia
1146 1720 1267 1791 gerere
1282 1697 1465 1797 potuisset.

850 1924 1105 2015 cirrrunuu
1128 1946 1251 2015 xvru.

564 2131 604 2183 De
613 2093 752 2186 obsidione
761 2128 856 2204 oppidi
865 2130 969 2203 Diepo,
981 2142 1007 2184 et
1014 2089 1151 2201 quomodo
1162 2143 1247 2184 castra
1260 2130 1408 2201 Anglornnr
1419 2126 1548 2185 arnum

814 2233 965 2293 expugnata
976 2232 1054 2291 atque
1064 2220 1169 2273 incensa
1181 2220 1299 2273 fuerumt.

580 2399 631 2485 Ea
656 2397 754 2478 enim
777 2397 984 2495 tempestate
1014 2394 1081 2493 ipsi
1104 2392 1258 2489 Anglici,
1289 2407 1434 2466 auctore
1455 2391 1585 2463 comite

531 2510 840 2604 Cherosberiensi,
866 2510 1015 2583 domino
1033 2508 1078 2580 de
1107 2506 1245 2601 Talbot,
1271 2522 1396 2580 contra
1412 2504 1586 2605 oppidum

532 2631 652 2728 Diepae
678 2619 897 2716 maritimum
921 2642 1035 2701 castra
1059 2640 1271 2725 posuerant,
1295 2641 1332 2697 et
1353 2650 1395 2699 ex
1421 2624 1587 2724 opposito

534 2744 670 2843 oppido
693 2759 791 2817 trans
815 2767 980 2836 amnem,
1011 2743 1093 2840 qui,
1121 2741 1312 2815 decurrens
1334 2740 1434 2837 juxta
1458 2738 1589 2811 nsoenia

535 2850 676 2958 oppidi,
692 2871 837 2956 portum
848 2857 1001 2930 navibus
1017 2857 1118 2947 iacit,
1134 2881 1243 2955 supra
1256 2857 1407 2929 montis¹
1418 2852 1588 2929 cacumen

534 2971 713 3045 hastiliam
730 2973 1003 3045 munitissimam
1018 2976 1246 3046 struxerant⁸.
1258 2973 1448 3046 Ferebatur
1458 2972 1592 3070 quippe

536 3113 613 3159 non
633 3088 774 3160 facilius
788 3107 896 3186 quam
911 3090 1028 3188 ipsum
1040 3084 1216 3188 oppidum
1232 3088 1476 3189 expugnabilis
1488 3110 1562 3160 esse
1580 3114 1589 3156 ε

537 3220 611 3277 tam
628 3205 766 3277 munita
780 3205 895 3298 vallo,
914 3231 1057 3304 aggere,
1075 3205 1352 3307 propugnaculis
1368 3220 1404 3277 et
1418 3202 1502 3275 belii
1517 3225 1593 3275 ma·

539 3309 654 3393 chinis
678 3322 955 3423 circumquaque
980 3337 1067 3397 erat.
1088 3327 1133 3395 Et
1154 3337 1249 3397 certe
1269 3322 1303 3399 ,si
1326 3320 1460 3419 dequo
1484 3320 1593 3393 locuti

540 3462 663 3509 sumus
686 3437 759 3511 dux
784 3441 1034 3534 Summerseti,
1066 3464 1149 3511 cum
1180 3439 1241 3514 illo
1269 3442 1376 3536 quem
1408 3435 1595 3538 advexerat

514 3548 519 3557 ’
540 3554 713 3646 exercitu,
730 3555 823 3626 vires
843 3569 956 3628 tantas
971 3553 1048 3626 aliis
1064 3553 1259 3649 Anglorum
1277 3554 1389 3650 copiis
1410 3574 1596 3648 aggregas-

541 3682 611 3762 set,
635 3669 868 3741 verisimiiiter
885 3683 922 3741 et
942 3667 1028 3741 illud
1047 3668 1224 3767 oppidum
1239 3669 1360 3766 Diepae
1375 3684 1411 3741 et
1422 3664 1596 3739 nonnulla

542 3785 611 3857 alia
629 3807 855 3881 ,recuperare
886 3784 1098 3882 potuissent.
1128 3784 1199 3857 Sed
1229 3785 1378 3885 proprio
1409 3780 1598 3856 abundans

543 3924 672 3991 sensu,
690 3898 751 3969 iila
772 3921 864 3969 vana
879 3912 986 3995 atque
1008 3897 1134 3972 frivola
1149 3924 1228 3998 quae
1242 3899 1427 3973 retulimus
1439 3911 1599 3972 'tantum-

544 4014 656 4087 modo
669 4013 802 4103 effecit,
819 4012 919 4110 qnod
931 4012 1148 4087 damnosum
1162 4015 1265 4088 valde
1281 4016 1387 4089 rebus
1401 4014 1599 4111 anglicanis

544 4130 686 4236 exstitit.
705 4133 796 4203 Nam
809 4153 894 4201 cum
903 4132 1029 4203 Franci
1037 4130 1281 4230 prospicerent
1291 4132 1467 4207 bastiiiam
1482 4130 1595 4219 illam,

585 4344 615 4399 1.
638 4344 682 4398 En
696 4342 784 4399 1444.

585 4432 616 4491 2.
637 4433 678 4487 Le
694 4428 796 4489 Poiiet.

586 4520 616 4580 3.
638 4519 1232 4600 [eschroniqnesrapportentil'antm
1242 4518 1271 4580 Ιι
1279 4520 1471 4581 construction
1482 4518 1519 4581 de
1528 4527 1601 4581 cette

545 4604 668 4670 bastiile.
682 4606 784 4668 'talbot
798 4609 866 4671 erait
880 4628 958 4672 venu
969 4609 1077 4673 devant
1086 4608 1198 4693 Dieppe
1206 4630 1271 4673 vers
1282 4611 1311 4674 la
1321 4610 1480 4671 Toussaint.
