3892 5892
740 847 853 906 unm
872 847 1023 908 numus.
1374 851 1413 908 id

351 967 452 1042 modi
482 969 742 1042 immanitatum
774 984 809 1042 et
837 969 1101 1069 sacrilegiorum
1131 968 1254 1044 divina
1277 971 1414 1070 justitia

350 1084 557 1182 dereliquit;
571 1085 804 1182 maguaenim
812 1110 1045 1186 parseorum,
1055 1086 1200 1160 evoluto
1209 1111 1321 1180 anno,
1334 1089 1413 1188 ipso

350 1215 555 1274 sanctorum
575 1215 772 1300 martyrum
785 1201 866 1294 die,
892 1228 960 1303 pro
977 1203 1111 1276 meritis
1128 1227 1252 1303 poenas
1275 1203 1414 1278 debitas

349 1317 516 1412 exsolvit,
535 1330 576 1390 ut
598 1319 717 1392 statim
742 1342 808 1391 suo
825 1317 907 1392 loco
928 1319 1167 1418 opportunius
1182 1319 1409 1392 reseremus&

399 1435 522 1529 ltaque
542 1456 607 1533 per
632 1457 777 1505 omnem
805 1434 877 1507 iere
902 1433 1054 1506 Galliam
1080 1434 1115 1506 in
1142 1432 1414 1531 Burgrmdiones

350 1547 550 1620 Armeniaci
568 1547 584 1644 (
593 1548 643 1620 sic
659 1549 775 1641 enim,
793 1563 834 1622 ut
857 1548 1078 1642 dictumest,
1097 1549 1183 1647 regii
1198 1562 1234 1622 et
1254 1547 1413 1622 Aurelia·

350 1661 515 1735 nensium
543 1663 699 1761 partium
725 1663 882 1736 fautores
911 1663 1241 1761 nominabantur),
1268 1677 1304 1737 et
1338 1664 1414 1736 vice

350 1799 451 1848 versa
474 1778 511 1848 in
540 1778 770 1851 Armeniacus
793 1779 1082 1876 Burgundiones,
1107 1803 1206 1853 arma
1227 1777 1412 1870 ferebant3

350 1894 482 1991 pariter
496 1917 583 1966 vero
602 1895 788 1994 utriusque
803 1895 913 1994 partis
928 1895 1110 1994 armigeri,
1129 1895 1231 1994 quasi
1256 1919 1300 1966 ex
1325 1917 1414 1966 con-

351 2007 449 2081 dicto
463 2009 662 2106 conjurati,
688 2010 915 2110 populationi
936 2033 1124 2107 agrorum,
1151 2009 1328 2084 incendiis
1348 2009 1414 2081 vii·

350 2122 465 2195 iarum
491 2147 534 2196 ac
560 2123 779 2213 domorum,
808 2125 966 2198 caedibus
989 2139 1025 2198 et
1051 2125 1184 2224 rapinis
1214 2149 1415 2226 pauperum

351 2238 606 2334 agricultorum
622 2240 886 2337 vigilantissime
909 2241 1156 2316 intendebant.
1177 2244 1228 2310 Ex
1244 2265 1316 2340 qua
1333 2266 1414 2340 per·

350 2355 537 2452 vagatione
561 2371 802 2446 armatorum,
831 2358 893 2455 qui
916 2358 1047 2455 jugiter
1076 2369 1112 2429 et
1137 2355 1275 2454 absque
1303 2357 1413 2430 inter-

351 2469 520 2543 missione
544 2495 649 2568 agros
676 2472 786 2544 totius
813 2472 968 2569 regionis
996 2469 1270 2570 percursabant,
1300 2486 1335 2542 et
1367 2463 1413 2546 ad
1470 2543 1482 2560 ,

350 2597 544 2657 extremam
563 2611 685 2660 rerum
697 2588 862 2660 omnium
879 2586 1040 2686 inopiam
1063 2610 1233 2685 agrorum
1256 2585 1414 2659 cultores

350 2697 598 2795 deducebant,
617 2715 715 2776 tanta
736 2715 858 2776 secuta
885 2716 938 2776 est
960 2702 1136 2793 vastatio,
1155 2714 1212 2791 ut,
1231 2699 1361 2773 relictis
1377 2701 1413 2774 in

351 2812 471 2887 multis
495 2817 594 2914 regni
612 2815 773 2917 partibus
793 2818 886 2916 agris
908 2817 1068 2906 incultis,
1094 2840 1158 2914 per
1173 2812 1311 2888 diversa
1334 2813 1415 2890 loca

349 2944 384 3003 et
408 2931 585 3018 civitates,
602 2933 821 3008 validissima
844 2934 975 3026 sames,
994 2947 1030 3006 et
1057 2932 1185 3006 exinde
1207 2931 1415 3032 pestilentiae

349 3050 532 3143 maximae,
554 3064 590 3123 et
605 3064 740 3124 mortes
763 3051 955 3124 bominum
977 3063 1084 3148 atque
1097 3049 1336 3122 animantium
1357 3073 1415 3122 se-

351 3177 441 3236 cutae
458 3165 542 3237 sint.

283 3306 288 3317 ·
400 3279 566 3350 Eaetiam
577 3293 797 3378 tempestate,
811 3275 908 3375 apud
916 3292 1065 3377 pontem
1077 3274 1411 3364 Sanctitliodoaldi,

352 3413 501 3489 magnus
525 3394 714 3467 conflictus
741 3394 834 3466 inter
858 3394 1045 3490 utriusque
1069 3391 1230 3464 factionis
1257 3405 1415 3462 armatos

350 3505 494 3580 habitus
510 3512 593 3582 est¹.
613 3513 653 3580 ln
676 3533 869 3608 quocum,
889 3505 1202 3605 Burgundionibus
1217 3505 1413 3605 praevaien·
1527 3591 1530 3598 ¹

350 3622 464 3715 tibus,
481 3623 675 3696 adversarii
695 3637 792 3695 retro
813 3647 879 3723 par
901 3635 1051 3722 pontem
1076 3619 1122 3694 ad
1147 3645 1285 3710 arcem,
1304 3642 1414 3717 quam

351 3737 441 3812 inibi
456 3737 647 3830 tenebant,
666 3764 742 3813 sese
758 3739 916 3840 recipere
932 3735 1213 3830 contenderent3
1234 3737 1284 3809 iili
1301 3761 1411 3828 vero,

351 3855 472 3952 quiin
488 3879 570 3928 arce
586 3869 707 3946 erant,
724 3854 886 3928 videntes
910 3853 1024 3928 caedes
1049 3879 1197 3927 suorum
1224 3865 1331 3950 atque
1358 3851 1414 3923 iu·

393 4115 422 4171 t.
442 4113 517 4171 ‘root
529 4131 563 4171 ce
576 4109 627 4192 qui
640 4110 777 4190 precede,
787 4109 891 4190 depuis
898 4109 927 4171 ie
939 4109 1234 4172 commencementdu
1243 4107 1413 4188 etapium

352 4197 398 4258 ete
410 4199 547 4260 intercal&
560 4219 615 4280 par
629 4199 755 4258 Antoine
768 4203 882 4278 Meyer,
897 4201 1100 4260 continuateuu
1114 4199 1151 4259 de
1166 4201 1290 4277 lacques
1300 4202 1413 4278 Meyer,

353 4289 425 4351 dans
438 4291 481 4350 ies
495 4297 624 4350 Anactes
630 4295 785 4366 Flandtr'a,
801 4292 824 4351 1.
841 4295 905 4352 XV.

392 4383 422 4440 2.
444 4371 571 4442 [inorme
583 4381 815 4444 anachronisme.
829 4383 965 4442 L'aisairs
977 4381 1018 4443 du
1033 4395 1105 4463 pont
1116 4383 1153 4444 de
1167 4381 1354 4446 sunt-etms
1364 4393 1415 4444 ent

353 4469 413 4530 iieu
428 4469 457 4530 ie
473 4473 512 4528 tu
528 4469 688 4532 novembre
706 4474 797 4544 im,
810 4469 929 4549 lorsque
941 4472 1023 4532 Paris
1036 4473 1105 4532 dtait
1118 4491 1224 4534 encore
1236 4492 1274 4534 au
1289 4473 1414 4554 {nuruis

354 4559 406 4620 des
421 4558 653 4640 licurgtrignous.
667 4559 712 4620 ci.
727 4563 926 4634 uorum,
940 4559 992 4620 liv.
1008 4565 1033 4638 1,
1044 4581 1070 4622 c.
1088 4563 1137 4624 87.
