3892 5892
947 828 1023 883 56
1514 813 2027 880 mSToRIAmJM
2068 820 2342 880 CAROLI
2382 824 2490 879 vll

949 963 1020 1020 et
1043 948 1115 1018 in
1139 949 1534 1020 vastitatem
1560 972 1644 1020 ac
1662 945 2147 1019 desertionem
2170 948 2610 1044 provinciam
2629 947 3054 1045 redigentes.

951 1070 1037 1136 Et
1069 1064 1212 1137 hoc
1239 1065 1461 1138 modo
1494 1066 1790 1164 quidem
1825 1089 1955 1162 per
1987 1065 2219 1136 {annos
2252 1064 2529 1163 aliquos
2569 1081 2931 1165 protracta
2956 1078 3063 1137 est

950 1207 1226 1279 guerra.

1670 1403 2179 1471 CAPITULUM
2235 1403 2347 1467 Ἦ.

1274 1583 1350 1631 De
1374 1575 1562 1651 praedis
1586 1591 1634 1631 et
1662 1579 1854 1651 rapinis
1886 1579 2251 1631 miserabiliter
2271 1579 2395 1635 actis
2419 1599 2511 1651 per
2535 1579 2751 1635 Gauius,

1058 1751 1190 1815 Per
1222 1747 1590 1843 utriusque
1618 1747 1810 1815 cuim
1842 1747 2055 1843 partis
2095 1763 2439 1835 armatus,
2491 1747 2611 1843 qui
2655 1747 2935 1819 assidue
2959 1747 3075 1819 alii

962 1867 1030 1935 in
1066 1863 1370 1935 alinrum
1406 1863 1750 1931 terminus
1778 1863 2259 1947 incursabant,
2295 1863 2555 1959 captivi
2591 1867 2823 1935 rustici
2847 1863 2935 1935 ad
2971 1887 3079 1935 ca-

962 1995 1102 2051 stra
1130 1995 1198 2047 ct
1234 1979 1670 2047 munitiones
1706 1975 2175 2067 ducebantur,
2211 1991 2283 2047 ut
2323 1979 2515 2047 tetris
2543 1979 2759 2051 clausi
2791 1979 3083 2051 carceri-

962 2095 1098 2167 bus
1134 2107 1198 2163 et
1238 2095 1306 2163 in
1342 2091 1698 2191 specubus
1722 2095 2003 2183 retrusi,
2035 2107 2243 2191 atquc
2279 2095 2491 2163 ctiam
2527 2095 2731 2163 rariis
2759 2095 3083 2167 cruciati—

962 2211 1098 2279 bus
1122 2223 1190 2279 et
1210 2211 1578 2279 tnrmcntis
1602 2207 1826 2279 affecti
1842 2267 1858 2299 ,
1874 2231 2027 2279 scsc
2047 2223 2307 2303 quanta
2327 2211 2787 2307 pecuniarum
2807 2235 3087 2283 summa

966 2323 1058 2395 ab
1102 2327 1198 2395 eis
1234 2347 1438 2395 cansa=
1454 2323 1574 2419 qui
1610 2323 2027 2423 sperabatur
2063 2323 2519 2395 redimerent,
2559 2331 2719 2395 Erat
2755 2327 2827 2395 iu
2867 2327 3087 2395 furcis

970 2455 1038 2511 et
1082 2439 1434 2539 specubus
1482 2455 1878 2511 castrnrum
1926 2455 1995 2507 et
2039 2439 2339 2511 turrium
2391 2439 2707 2511 invenire
2743 2467 3087 2539 pauperes

974 2559 1274 2631 cnlcnns
1326 2583 1410 2627 es
1462 2559 1642 2651 agris
1694 2555 2079 2647 abductus,
2143 2555 2499 2627 interdum
2555 2559 2627 2623 in
2687 2583 2831 2627 nna
2887 2559 3091 2627 screa

974 2687 1290 2763 centum,
1330 2671 1830 2767 interdumque
1862 2671 2239 2759 ducentas,
2283 2687 2347 2739 et
2379 2671 2543 2743 alibi
2579 2671 2871 2767 quidem
2903 2675 3083 2771 plus,

978 2787 1142 2859 alibi
1166 2791 1430 2875 minus,
1462 2787 1858 2855 secundum
1886 2787 2079 2883 quud
2111 2787 2219 2855 ⁴*rel
2251 2787 2475 2883 majnr
2507 2787 2615 2855 *rel
2655 2791 2895 2859 minnr
2927 2815 3099 2887 prte-

982 2907 1258 2975 dnnum
1306 2927 1646 2971 numerus
1690 2899 1826 2971 ittie
1890 2899 2171 2987 aderat,
2223 2927 2531 2999 quarum
2575 2903 2863 2999 quidcm
2915 2927 3095 3003 saepe

986 3043 1282 3115 magnus
1330 3039 1702 3107 numerus,
1766 3043 2019 3087 eurum
2059 3015 2319 3115 quibus
2363 3019 2703 3115 passibile
2751 3043 2899 3087 nnn
2951 3035 3099 3091 erat

990 3135 1238 3235 petitas
1262 3131 1350 3203 ab
1378 3135 1474 3203 eis
1510 3155 1822 3203 summas
1850 3147 2063 3231 atque
2099 3135 2467 3231 requisitas
2491 3135 2915 3231 persnlrerc,
2951 3135 3103 3207 nul-

990 3251 1126 3323 lam
1182 3251 1254 3319 in
1322 3275 1446 3319 ens
1502 3251 2055 3319 misericnrdiam
2119 3251 2571 3347 [irzednnibus
2627 3251 3099 3339 habentibus,

998 3371 1214 3451 fame,
1266 3363 1506 3435 inedia
1534 3379 1602 3435 et
1638 3367 1934 3435 carceris
1971 3367 2299 3463 squalnre
2335 3363 2795 3435 necabantur.
2835 3371 2911 3435 ln
2951 3391 3107 3439 cru-

994 3479 1290 3551 ciatibus
1338 3507 1506 3551 reru
1582 3495 1650 3551 ct
1710 3483 2079 3551 tnrmentis
2111 3535 2127 3567 ,
2199 3479 2331 3551 sibi
2391 3479 2479 3551 ad
2539 3483 3107 3579 cstnrquendum

998 3623 1310 3667 summas
1346 3595 1750 3695 pnpnscitas
1778 3651 1794 3679 ,
1830 3595 2087 3691 quihus
2127 3623 2199 3667 se
2255 3595 2727 3683 redimerent,
2771 3599 3107 3671 adhibitis

998 3739 1182 3811 saepe
1222 3711 1674 3783 deficiebant.
1710 3715 1930 3779 Tanta
1979 3711 2207 3783 rabies
2247 3715 2547 3783 avaritiae
2583 3727 2647 3783 ct
2683 3715 3111 3783 crudelitatis

1002 3831 1254 3899 animis
1314 3827 1734 3923 prtednnnm
1778 3827 2171 3915 insederat,
2211 3843 2287 3899 ut
2331 3831 2523 3903 nulla
2563 3855 2855 3927 prnrsus
2899 3831 3111 3903 mise-

1006 3947 1282 4015 ratinnc
1314 3943 1386 4011 in
1438 3967 1782 4039 pauperes
1842 3967 1922 4011 ac
1971 3943 2323 4039 supplices
2375 3963 2871 4035 mererentur,
2943 3947 3111 4043 quin

1006 4063 1190 4147 imn,
1262 4059 1478 4131 instar
1534 4059 2075 4127 saevissimarum
2127 4059 2535 4147 bestiarum,
2583 4063 2651 4131 in
2699 4063 3115 4135 innccentes

1006 4199 1090 4247 ac
1142 4175 1490 4275 supplices
1522 4199 1854 4271 agrnrum
1906 4171 2215 4247 cultures
2251 4179 2491 4247 scrire
2531 4175 2923 4251 dclectabat
2967 4179 3119 4279 ple-

1010 4315 1270 4387 rusque
1310 4319 1386 4363 cs
1426 4291 1594 4391 ipsis
1626 4291 2111 4391 prasdnnibus.

1110 4411 1366 4479 t¹raeter
1410 4435 1578 4479 vern
1626 4435 1790 4499 cns,
1834 4407 1955 4503 qui
2003 4435 2135 4507 pru
2187 4415 2619 4479 Francurum
2675 4411 2995 4507 partibus
3047 4435 3119 4479 se

1014 4527 1314 4599 militare
1358 4527 1726 4615 dicebant,
1766 4543 1834 4599 ct
1862 4587 1878 4615 ,
1914 4531 2079 4599 licet
2115 4531 2531 4631 plerumque
2567 4531 2835 4623 absque
2867 4531 3119 4603 urdine
