<?xml version="1.0" encoding="UTF-8"?>
<!DOCTYPE html PUBLIC "-//W3C//DTD XHTML 1.0 Transitional//EN"
    "http://www.w3.org/TR/xhtml1/DTD/xhtml1-transitional.dtd">
<html xmlns="http://www.w3.org/1999/xhtml" xml:lang="en" lang="en">
 <head>
  <title>
</title>
<meta http-equiv="Content-Type" content="text/html;charset=utf-8" />
  <meta name='ocr-system' content='tesseract 3.04.00' />
  <meta name='ocr-capabilities' content='ocr_page ocr_carea ocr_par ocr_line ocrx_word'/>
</head>
<body>
  <div class='ocr_page' id='page_1' title='image "./histoiredesrgne01amelgoog_0295.png"; bbox 0 0 3892 5892; ppageno 0'>
   <div class='ocr_carea' id='block_1_1' title="bbox 735 902 1428 966">
    <p class='ocr_par' dir='ltr' id='par_1_1' title="bbox 735 902 1428 966">
     <span class='ocr_line' id='line_1_1' title="bbox 735 902 1428 966; baseline 0.007 -5"><span class='ocrx_word' id='word_1_1' title='bbox 735 902 845 961; x_wconf 83' lang='lat' dir='ltr'>LIBER</span> <span class='ocrx_word' id='word_1_2' title='bbox 865 902 1069 962; x_wconf 82' lang='lat' dir='ltr'><strong>SECUNDUS.</strong></span> <span class='ocrx_word' id='word_1_3' title='bbox 1390 910 1428 966; x_wconf 82' lang='lat' dir='ltr'><strong>tt</strong></span> 
     </span>
    </p>
   </div>
   <div class='ocr_carea' id='block_1_2' title="bbox 334 1023 1431 4261">
    <p class='ocr_par' dir='ltr' id='par_1_2' title="bbox 334 1023 1431 3771">
     <span class='ocr_line' id='line_1_2' title="bbox 366 1023 1425 1127; baseline 0.004 -28"><span class='ocrx_word' id='word_1_4' title='bbox 366 1027 494 1099; x_wconf 83' lang='lat' dir='ltr'><strong>vantiae</strong></span> <span class='ocrx_word' id='word_1_5' title='bbox 502 1028 525 1117; x_wconf 89' lang='lat'><strong>¹,</strong></span> <span class='ocrx_word' id='word_1_6' title='bbox 543 1024 637 1100; x_wconf 85' lang='lat' dir='ltr'><strong>sedis</strong></span> <span class='ocrx_word' id='word_1_7' title='bbox 653 1024 857 1127; x_wconf 75' lang='lat' dir='ltr'><strong>apostolicae</strong></span> <span class='ocrx_word' id='word_1_8' title='bbox 873 1023 1010 1123; x_wconf 85' lang='lat' dir='ltr'><strong>legatus</strong></span> <span class='ocrx_word' id='word_1_9' title='bbox 1021 1026 1096 1125; x_wconf 88' lang='lat' dir='ltr'><strong>(cui</strong></span> <span class='ocrx_word' id='word_1_10' title='bbox 1114 1040 1200 1101; x_wconf 87' lang='lat' dir='ltr'><strong>tunc</strong></span> <span class='ocrx_word' id='word_1_11' title='bbox 1214 1029 1425 1127; x_wconf 74' lang='lat' dir='ltr'><strong>praesidebat</strong></span> 
     </span>
     <span class='ocr_line' id='line_1_3' title="bbox 368 1140 1430 1243; baseline 0.004 -27"><span class='ocrx_word' id='word_1_12' title='bbox 368 1143 547 1241; x_wconf 86' lang='lat' dir='ltr'><strong>Eugenius</strong></span> <span class='ocrx_word' id='word_1_13' title='bbox 562 1166 657 1243; x_wconf 88' lang='lat' dir='ltr'><strong>papa</strong></span> <span class='ocrx_word' id='word_1_14' title='bbox 673 1143 756 1239; x_wconf 81' lang='lat' dir='ltr'><strong>tv),</strong></span> <span class='ocrx_word' id='word_1_15' title='bbox 776 1156 812 1215; x_wconf 91' lang='lat' dir='ltr'><strong>et</strong></span> <span class='ocrx_word' id='word_1_16' title='bbox 832 1140 1025 1215; x_wconf 85' lang='lat' dir='ltr'><strong>cardinalis</strong></span> <span class='ocrx_word' id='word_1_17' title='bbox 1036 1144 1146 1242; x_wconf 84' lang='lat' dir='ltr'>Cypri</span> <span class='ocrx_word' id='word_1_18' title='bbox 1159 1142 1267 1242; x_wconf 83' lang='lat' dir='ltr'><strong>vulgo</strong></span> <span class='ocrx_word' id='word_1_19' title='bbox 1288 1156 1430 1221; x_wconf 78' lang='lat' dir='ltr'><strong>nuncu·</strong></span> 
     </span>
     <span class='ocr_line' id='line_1_4' title="bbox 366 1258 1425 1361; baseline 0.007 -30"><span class='ocrx_word' id='word_1_20' title='bbox 366 1263 509 1361; x_wconf 85' lang='lat' dir='ltr'><strong>patus¹,</strong></span> <span class='ocrx_word' id='word_1_21' title='bbox 530 1274 793 1333; x_wconf 87' lang='lat' dir='ltr'><strong>asacrosancto</strong></span> <span class='ocrx_word' id='word_1_22' title='bbox 818 1258 959 1359; x_wconf 82' lang='lat' dir='ltr'><strong>synodo</strong></span> <span class='ocrx_word' id='word_1_23' title='bbox 980 1259 1150 1357; x_wconf 88' lang='lat' dir='ltr'><strong>generali,</strong></span> <span class='ocrx_word' id='word_1_24' title='bbox 1170 1274 1257 1333; x_wconf 87' lang='lat' dir='ltr'><strong>tunc</strong></span> <span class='ocrx_word' id='word_1_25' title='bbox 1281 1262 1425 1338; x_wconf 77' lang='lat' dir='ltr'><strong>Basileae</strong></span> 
     </span>
     <span class='ocr_line' id='line_1_5' title="bbox 366 1372 1429 1473; baseline 0.005 -26"><span class='ocrx_word' id='word_1_26' title='bbox 366 1388 594 1473; x_wconf 83' lang='lat' dir='ltr'><strong>congregato,</strong></span> <span class='ocrx_word' id='word_1_27' title='bbox 611 1373 820 1447; x_wconf 86' lang='lat' dir='ltr'><strong>destinatus.</strong></span> <span class='ocrx_word' id='word_1_28' title='bbox 840 1372 999 1472; x_wconf 81' lang='lat' dir='ltr'><strong>Lugebat</strong></span> <span class='ocrx_word' id='word_1_29' title='bbox 1021 1374 1119 1448; x_wconf 89' lang='lat' dir='ltr'><strong>enim</strong></span> <span class='ocrx_word' id='word_1_30' title='bbox 1139 1376 1267 1447; x_wconf 90' lang='lat' dir='ltr'><strong>merito</strong></span> <span class='ocrx_word' id='word_1_31' title='bbox 1283 1379 1429 1452; x_wconf 89' lang='lat' dir='ltr'><strong>condo-</strong></span> 
     </span>
     <span class='ocr_line' id='line_1_6' title="bbox 367 1488 1431 1591; baseline 0.003 -28"><span class='ocrx_word' id='word_1_32' title='bbox 367 1488 552 1588; x_wconf 81' lang='lat' dir='ltr'><strong>lebatque,</strong></span> <span class='ocrx_word' id='word_1_33' title='bbox 573 1505 614 1563; x_wconf 91' lang='lat' dir='ltr'><strong>ut</strong></span> <span class='ocrx_word' id='word_1_34' title='bbox 629 1490 688 1590; x_wconf 86' lang='lat' dir='ltr'><strong>pia</strong></span> <span class='ocrx_word' id='word_1_35' title='bbox 708 1504 833 1583; x_wconf 90' lang='lat' dir='ltr'><strong>mater,</strong></span> <span class='ocrx_word' id='word_1_36' title='bbox 855 1504 980 1565; x_wconf 85' lang='lat' dir='ltr'><strong>sancta</strong></span> <span class='ocrx_word' id='word_1_37' title='bbox 996 1494 1159 1563; x_wconf 81' lang='lat' dir='ltr'><strong>Romana</strong></span> <span class='ocrx_word' id='word_1_38' title='bbox 1180 1505 1327 1591; x_wconf 87' lang='lat' dir='ltr'><strong>totaque</strong></span> <span class='ocrx_word' id='word_1_39' title='bbox 1343 1496 1431 1567; x_wconf 90' lang='lat' dir='ltr'><strong>uni·</strong></span> 
     </span>
     <span class='ocr_line' id='line_1_7' title="bbox 366 1606 1428 1707; baseline 0.004 -29"><span class='ocrx_word' id='word_1_40' title='bbox 366 1607 511 1681; x_wconf 74' lang='lat' dir='ltr'><strong>versalia</strong></span> <span class='ocrx_word' id='word_1_41' title='bbox 537 1606 685 1679; x_wconf 90' lang='lat' dir='ltr'><strong>ecclesia</strong></span> <span class='ocrx_word' id='word_1_42' title='bbox 713 1620 792 1681; x_wconf 79' lang='lat' dir='ltr'><strong>tam·</strong></span> <span class='ocrx_word' id='word_1_43' title='bbox 813 1606 945 1682; x_wconf 92' lang='lat' dir='ltr'><strong>nobilis</strong></span> <span class='ocrx_word' id='word_1_44' title='bbox 977 1631 1020 1681; x_wconf 91' lang='lat' dir='ltr'><strong>ac</strong></span> <span class='ocrx_word' id='word_1_45' title='bbox 1053 1607 1211 1707; x_wconf 87' lang='lat' dir='ltr'><strong>potentis</strong></span> <span class='ocrx_word' id='word_1_46' title='bbox 1242 1609 1428 1707; x_wconf 86' lang='lat' dir='ltr'><strong>quondam</strong></span> 
     </span>
     <span class='ocr_line' id='line_1_8' title="bbox 368 1723 1430 1824; baseline 0.002 -27"><span class='ocrx_word' id='word_1_47' title='bbox 368 1738 403 1797; x_wconf 89' lang='lat' dir='ltr'><strong>et</strong></span> <span class='ocrx_word' id='word_1_48' title='bbox 425 1724 704 1797; x_wconf 74' lang='lat' dir='ltr'><strong>christianissimi</strong></span> <span class='ocrx_word' id='word_1_49' title='bbox 730 1724 847 1820; x_wconf 90' lang='lat' dir='ltr'><strong>regni,</strong></span> <span class='ocrx_word' id='word_1_50' title='bbox 872 1736 998 1821; x_wconf 89' lang='lat' dir='ltr'><strong>totque</strong></span> <span class='ocrx_word' id='word_1_51' title='bbox 1022 1723 1242 1824; x_wconf 88' lang='lat' dir='ltr'><strong>populorum</strong></span> <span class='ocrx_word' id='word_1_52' title='bbox 1264 1724 1430 1801; x_wconf 87' lang='lat' dir='ltr'><strong>christia·</strong></span> 
     </span>
     <span class='ocr_line' id='line_1_9' title="bbox 368 1836 1428 1937; baseline 0.001 -25"><span class='ocrx_word' id='word_1_53' title='bbox 368 1864 499 1913; x_wconf 91' lang='lat' dir='ltr'><strong>norum</strong></span> <span class='ocrx_word' id='word_1_54' title='bbox 526 1840 782 1913; x_wconf 83' lang='lat' dir='ltr'><strong>contritionem</strong></span> <span class='ocrx_word' id='word_1_55' title='bbox 816 1852 854 1912; x_wconf 93' lang='lat' dir='ltr'><strong>et</strong></span> <span class='ocrx_word' id='word_1_56' title='bbox 880 1836 1162 1931; x_wconf 79' lang='lat' dir='ltr'><strong>desolationem,</strong></span> <span class='ocrx_word' id='word_1_57' title='bbox 1200 1840 1299 1937; x_wconf 91' lang='lat' dir='ltr'><strong>quod</strong></span> <span class='ocrx_word' id='word_1_58' title='bbox 1340 1840 1428 1913; x_wconf 88' lang='lat' dir='ltr'><strong>olim</strong></span> 
     </span>
     <span class='ocr_line' id='line_1_10' title="bbox 367 1951 1429 2056; baseline 0 -28"><span class='ocrx_word' id='word_1_59' title='bbox 367 1957 512 2056; x_wconf 84' lang='lat' dir='ltr'><strong>clypeus</strong></span> <span class='ocrx_word' id='word_1_60' title='bbox 522 1970 558 2028; x_wconf 88' lang='lat' dir='ltr'><strong>et</strong></span> <span class='ocrx_word' id='word_1_61' title='bbox 574 1956 758 2029; x_wconf 90' lang='lat' dir='ltr'><strong>munimen</strong></span> <span class='ocrx_word' id='word_1_62' title='bbox 772 1952 949 2050; x_wconf 86' lang='lat' dir='ltr'><strong>singulare</strong></span> <span class='ocrx_word' id='word_1_63' title='bbox 960 1951 1180 2026; x_wconf 74' lang='lat' dir='ltr'><strong>defensionis</strong></span> <span class='ocrx_word' id='word_1_64' title='bbox 1191 1956 1302 2027; x_wconf 88' lang='lat' dir='ltr'><strong>totius</strong></span> <span class='ocrx_word' id='word_1_65' title='bbox 1313 1955 1429 2028; x_wconf 86' lang='lat' dir='ltr'><strong>Chris·</strong></span> 
     </span>
     <span class='ocr_line' id='line_1_11' title="bbox 368 2067 1426 2166; baseline 0.001 -23"><span class='ocrx_word' id='word_1_66' title='bbox 368 2072 534 2143; x_wconf 89' lang='lat' dir='ltr'><strong>tianitatis</strong></span> <span class='ocrx_word' id='word_1_67' title='bbox 561 2084 686 2143; x_wconf 86' lang='lat' dir='ltr'><strong>contra</strong></span> <span class='ocrx_word' id='word_1_68' title='bbox 712 2068 876 2141; x_wconf 90' lang='lat' dir='ltr'><strong>inimicos</strong></span> <span class='ocrx_word' id='word_1_69' title='bbox 910 2068 1109 2141; x_wconf 72' lang='lat' dir='ltr'><strong>christianae</strong></span> <span class='ocrx_word' id='word_1_70' title='bbox 1138 2067 1319 2166; x_wconf 77' lang='lat' dir='ltr'><strong>religionis</strong></span> <span class='ocrx_word' id='word_1_71' title='bbox 1348 2096 1426 2145; x_wconf 86' lang='lat' dir='ltr'><strong>esse</strong></span> 
     </span>
     <span class='ocr_line' id='line_1_12' title="bbox 366 2182 1427 2283; baseline -0.001 -24"><span class='ocrx_word' id='word_1_72' title='bbox 366 2201 614 2260; x_wconf 85' lang='lat' dir='ltr'><strong>consueverat.</strong></span> <span class='ocrx_word' id='word_1_73' title='bbox 635 2182 756 2274; x_wconf 86' lang='lat' dir='ltr'><strong>Unde,</strong></span> <span class='ocrx_word' id='word_1_74' title='bbox 773 2183 872 2283; x_wconf 90' lang='lat' dir='ltr'><strong>quod</strong></span> <span class='ocrx_word' id='word_1_75' title='bbox 888 2186 943 2257; x_wconf 90' lang='lat' dir='ltr'><strong>sui</strong></span> <span class='ocrx_word' id='word_1_76' title='bbox 960 2184 1120 2256; x_wconf 88' lang='lat' dir='ltr'><strong>muneris</strong></span> <span class='ocrx_word' id='word_1_77' title='bbox 1140 2183 1301 2279; x_wconf 75' lang='lat' dir='ltr'><strong>exigebat</strong></span> <span class='ocrx_word' id='word_1_78' title='bbox 1316 2187 1427 2281; x_wconf 88' lang='lat' dir='ltr'><strong>ratio,</strong></span> 
     </span>
     <span class='ocr_line' id='line_1_13' title="bbox 366 2299 1430 2402; baseline 0 -27"><span class='ocrx_word' id='word_1_79' title='bbox 366 2302 585 2375; x_wconf 82' lang='lat' dir='ltr'><strong>exsecutioni</strong></span> <span class='ocrx_word' id='word_1_80' title='bbox 599 2300 838 2390; x_wconf 87' lang='lat' dir='ltr'><strong>demandans,</strong></span> <span class='ocrx_word' id='word_1_81' title='bbox 859 2299 1021 2399; x_wconf 72' lang='lat' dir='ltr'><strong>praelatos</strong></span> <span class='ocrx_word' id='word_1_82' title='bbox 1034 2299 1351 2374; x_wconf 86' lang='lat' dir='ltr'><strong>reverendissimos</strong></span> <span class='ocrx_word' id='word_1_83' title='bbox 1366 2326 1430 2402; x_wconf 86' lang='lat' dir='ltr'><strong>pa-</strong></span> 
     </span>
     <span class='ocr_line' id='line_1_14' title="bbox 368 2407 1431 2512; baseline -0.003 -22"><span class='ocrx_word' id='word_1_84' title='bbox 368 2434 438 2491; x_wconf 87' lang='lat' dir='ltr'><strong>tres</strong></span> <span class='ocrx_word' id='word_1_85' title='bbox 457 2416 504 2489; x_wconf 87' lang='lat' dir='ltr'><strong>ad</strong></span> <span class='ocrx_word' id='word_1_86' title='bbox 522 2430 595 2489; x_wconf 85' lang='lat' dir='ltr'><strong>tam</strong></span> <span class='ocrx_word' id='word_1_87' title='bbox 616 2429 778 2489; x_wconf 85' lang='lat' dir='ltr'><strong>sanctum</strong></span> <span class='ocrx_word' id='word_1_88' title='bbox 796 2440 908 2512; x_wconf 88' lang='lat' dir='ltr'><strong>opus,</strong></span> <span class='ocrx_word' id='word_1_89' title='bbox 933 2414 1030 2487; x_wconf 91' lang='lat' dir='ltr'><strong>unde</strong></span> <span class='ocrx_word' id='word_1_90' title='bbox 1049 2407 1218 2487; x_wconf 83' lang='lat' dir='ltr'><strong>solatium</strong></span> <span class='ocrx_word' id='word_1_91' title='bbox 1239 2430 1276 2488; x_wconf 85' lang='lat' dir='ltr'><strong>et</strong></span> <span class='ocrx_word' id='word_1_92' title='bbox 1295 2417 1431 2489; x_wconf 76' lang='lat' dir='ltr'><strong>fructus</strong></span> 
     </span>
     <span class='ocr_line' id='line_1_15' title="bbox 367 2529 1430 2631; baseline -0.001 -26"><span class='ocrx_word' id='word_1_93' title='bbox 367 2534 434 2606; x_wconf 89' lang='lat' dir='ltr'><strong>toti</strong></span> <span class='ocrx_word' id='word_1_94' title='bbox 445 2532 700 2607; x_wconf 79' lang='lat' dir='ltr'><strong>christianitati</strong></span> <span class='ocrx_word' id='word_1_95' title='bbox 710 2532 958 2631; x_wconf 88' lang='lat' dir='ltr'><strong>provenirent,</strong></span> <span class='ocrx_word' id='word_1_96' title='bbox 975 2529 1252 2629; x_wconf 83' lang='lat' dir='ltr'><strong>perficiendum,</strong></span> <span class='ocrx_word' id='word_1_97' title='bbox 1268 2533 1430 2605; x_wconf 86' lang='lat' dir='ltr'><strong>sancien-</strong></span> 
     </span>
     <span class='ocr_line' id='line_1_16' title="bbox 366 2646 1430 2748; baseline -0.002 -26"><span class='ocrx_word' id='word_1_98' title='bbox 366 2649 456 2723; x_wconf 89' lang='lat' dir='ltr'><strong>dum</strong></span> <span class='ocrx_word' id='word_1_99' title='bbox 479 2664 586 2748; x_wconf 88' lang='lat' dir='ltr'><strong>atque</strong></span> <span class='ocrx_word' id='word_1_100' title='bbox 614 2648 861 2721; x_wconf 86' lang='lat' dir='ltr'><strong>roborandum</strong></span> <span class='ocrx_word' id='word_1_101' title='bbox 888 2646 1133 2737; x_wconf 87' lang='lat' dir='ltr'><strong>destinarunt;</strong></span> <span class='ocrx_word' id='word_1_102' title='bbox 1165 2648 1287 2745; x_wconf 87' lang='lat' dir='ltr'><strong>quiet</strong></span> <span class='ocrx_word' id='word_1_103' title='bbox 1312 2661 1430 2747; x_wconf 89' lang='lat' dir='ltr'><strong>partes</strong></span> 
     </span>
     <span class='ocr_line' id='line_1_17' title="bbox 334 2762 1427 2863; baseline -0.002 -24"><span class='ocrx_word' id='word_1_104' title='bbox 334 2816 339 2830; x_wconf 82' lang='lat'><strong>·</strong></span> <span class='ocrx_word' id='word_1_105' title='bbox 366 2766 454 2839; x_wconf 91' lang='lat' dir='ltr'><strong>inibi</strong></span> <span class='ocrx_word' id='word_1_106' title='bbox 467 2766 633 2839; x_wconf 87' lang='lat' dir='ltr'><strong>collectas</strong></span> <span class='ocrx_word' id='word_1_107' title='bbox 650 2764 697 2839; x_wconf 91' lang='lat' dir='ltr'><strong>ad</strong></span> <span class='ocrx_word' id='word_1_108' title='bbox 714 2766 812 2863; x_wconf 79' lang='lat' dir='ltr'><strong>pacis</strong></span> <span class='ocrx_word' id='word_1_109' title='bbox 827 2762 965 2837; x_wconf 90' lang='lat' dir='ltr'><strong>bonurn</strong></span> <span class='ocrx_word' id='word_1_110' title='bbox 982 2762 1261 2835; x_wconf 84' lang='lat' dir='ltr'><strong>adhortarentur</strong></span> <span class='ocrx_word' id='word_1_111' title='bbox 1286 2778 1340 2856; x_wconf 86' lang='lat' dir='ltr'><strong>et,</strong></span> <span class='ocrx_word' id='word_1_112' title='bbox 1364 2764 1427 2837; x_wconf 89' lang='lat' dir='ltr'><strong>ubi</strong></span> 
     </span>
     <span class='ocr_line' id='line_1_18' title="bbox 365 2866 1428 2979; baseline -0.003 -25"><span class='ocrx_word' id='word_1_113' title='bbox 365 2882 544 2979; x_wconf 86' lang='lat' dir='ltr'><strong>ingrueret</strong></span> <span class='ocrx_word' id='word_1_114' title='bbox 569 2878 722 2953; x_wconf 83' lang='lat' dir='ltr'><strong>faciendi</strong></span> <span class='ocrx_word' id='word_1_115' title='bbox 744 2878 950 2969; x_wconf 83' lang='lat' dir='ltr'><strong>necessitas,</strong></span> <span class='ocrx_word' id='word_1_116' title='bbox 970 2902 1038 2975; x_wconf 92' lang='lat' dir='ltr'><strong>pro</strong></span> <span class='ocrx_word' id='word_1_117' title='bbox 1060 2877 1169 2949; x_wconf 87' lang='lat' dir='ltr'><strong>totius</strong></span> <span class='ocrx_word' id='word_1_118' title='bbox 1192 2866 1290 2951; x_wconf 79' lang='lat' dir='ltr'><strong>orbis</strong></span> <span class='ocrx_word' id='word_1_119' title='bbox 1314 2878 1428 2951; x_wconf 89' lang='lat' dir='ltr'><strong>chris·</strong></span> 
     </span>
     <span class='ocr_line' id='line_1_19' title="bbox 364 2994 1429 3093; baseline -0.004 -20"><span class='ocrx_word' id='word_1_120' title='bbox 364 3000 452 3074; x_wconf 89' lang='lat' dir='ltr'><strong>tiani</strong></span> <span class='ocrx_word' id='word_1_121' title='bbox 467 3023 510 3072; x_wconf 87' lang='lat' dir='ltr'><strong>ac</strong></span> <span class='ocrx_word' id='word_1_122' title='bbox 526 2997 681 3071; x_wconf 86' lang='lat' dir='ltr'><strong>ecclesiae</strong></span> <span class='ocrx_word' id='word_1_123' title='bbox 694 2996 760 3069; x_wconf 91' lang='lat' dir='ltr'><strong>Dei</strong></span> <span class='ocrx_word' id='word_1_124' title='bbox 774 2994 905 3085; x_wconf 90' lang='lat' dir='ltr'><strong>salute,</strong></span> <span class='ocrx_word' id='word_1_125' title='bbox 924 2996 1032 3067; x_wconf 87' lang='lat' dir='ltr'><strong>etiam</strong></span> <span class='ocrx_word' id='word_1_126' title='bbox 1050 2994 1094 3066; x_wconf 85' lang='lat' dir='ltr'><strong>ad</strong></span> <span class='ocrx_word' id='word_1_127' title='bbox 1112 2995 1152 3066; x_wconf 90' lang='lat' dir='ltr'><strong>id</strong></span> <span class='ocrx_word' id='word_1_128' title='bbox 1167 2994 1429 3093; x_wconf 83' lang='lat' dir='ltr'><strong>perficiendum</strong></span> 
     </span>
     <span class='ocr_line' id='line_1_20' title="bbox 365 3110 1426 3215; baseline -0.004 -28"><span class='ocrx_word' id='word_1_129' title='bbox 365 3140 430 3215; x_wconf 90' lang='lat' dir='ltr'><strong>per</strong></span> <span class='ocrx_word' id='word_1_130' title='bbox 458 3114 564 3211; x_wconf 86' lang='lat' dir='ltr'><strong>gladii</strong></span> <span class='ocrx_word' id='word_1_131' title='bbox 586 3111 776 3212; x_wconf 85' lang='lat' dir='ltr'><strong>spiritualis</strong></span> <span class='ocrx_word' id='word_1_132' title='bbox 804 3132 975 3183; x_wconf 88' lang='lat' dir='ltr'><strong>censuras</strong></span> <span class='ocrx_word' id='word_1_133' title='bbox 1000 3110 1159 3183; x_wconf 83' lang='lat' dir='ltr'><strong>districtc</strong></span> <span class='ocrx_word' id='word_1_134' title='bbox 1180 3127 1426 3204; x_wconf 83' lang='lat' dir='ltr'><strong>coarctarent,</strong></span> 
     </span>
     <span class='ocr_line' id='line_1_21' title="bbox 365 3224 1426 3329; baseline -0.004 -25"><span class='ocrx_word' id='word_1_135' title='bbox 365 3244 561 3329; x_wconf 77' lang='lat' dir='ltr'><strong>caeteraque</strong></span> <span class='ocrx_word' id='word_1_136' title='bbox 579 3229 735 3302; x_wconf 84' lang='lat' dir='ltr'><strong>lacerent</strong></span> <span class='ocrx_word' id='word_1_137' title='bbox 755 3250 833 3326; x_wconf 83' lang='lat' dir='ltr'><strong>quae</strong></span> <span class='ocrx_word' id='word_1_138' title='bbox 853 3238 926 3297; x_wconf 87' lang='lat' dir='ltr'><strong>tam</strong></span> <span class='ocrx_word' id='word_1_139' title='bbox 947 3224 1154 3297; x_wconf 84' lang='lat' dir='ltr'><strong>necessariae</strong></span> <span class='ocrx_word' id='word_1_140' title='bbox 1179 3240 1214 3297; x_wconf 87' lang='lat' dir='ltr'><strong>et</strong></span> <span class='ocrx_word' id='word_1_141' title='bbox 1237 3225 1426 3300; x_wconf 75' lang='lat' dir='ltr'><strong>fructuosae</strong></span> 
     </span>
     <span class='ocr_line' id='line_1_22' title="bbox 366 3338 1424 3445; baseline -0.005 -26"><span class='ocrx_word' id='word_1_142' title='bbox 366 3348 416 3419; x_wconf 92' lang='lat' dir='ltr'><strong>rei</strong></span> <span class='ocrx_word' id='word_1_143' title='bbox 433 3346 637 3445; x_wconf 83' lang='lat' dir='ltr'><strong>profectura</strong></span> <span class='ocrx_word' id='word_1_144' title='bbox 649 3343 831 3433; x_wconf 86' lang='lat' dir='ltr'><strong>viderent,</strong></span> <span class='ocrx_word' id='word_1_145' title='bbox 847 3364 910 3413; x_wconf 89' lang='lat' dir='ltr'><strong>seu</strong></span> <span class='ocrx_word' id='word_1_146' title='bbox 923 3340 1032 3413; x_wconf 91' lang='lat' dir='ltr'><strong>etiam</strong></span> <span class='ocrx_word' id='word_1_147' title='bbox 1046 3338 1224 3412; x_wconf 85' lang='lat' dir='ltr'><strong>obstantia</strong></span> <span class='ocrx_word' id='word_1_148' title='bbox 1240 3340 1424 3435; x_wconf 90' lang='lat' dir='ltr'><strong>tollerent,</strong></span> 
     </span>
     <span class='ocr_line' id='line_1_23' title="bbox 364 3454 1428 3563; baseline -0.007 -27"><span class='ocrx_word' id='word_1_149' title='bbox 364 3488 444 3563; x_wconf 83' lang='lat' dir='ltr'><strong>quae</strong></span> <span class='ocrx_word' id='word_1_150' title='bbox 468 3458 699 3535; x_wconf 75' lang='lat' dir='ltr'><strong>conficienda</strong></span> <span class='ocrx_word' id='word_1_151' title='bbox 725 3454 933 3553; x_wconf 87' lang='lat' dir='ltr'><strong>hujusmodi</strong></span> <span class='ocrx_word' id='word_1_152' title='bbox 960 3454 1040 3553; x_wconf 87' lang='lat' dir='ltr'><strong>paci</strong></span> <span class='ocrx_word' id='word_1_153' title='bbox 1066 3454 1322 3554; x_wconf 87' lang='lat' dir='ltr'><strong>impedimento</strong></span> <span class='ocrx_word' id='word_1_154' title='bbox 1351 3482 1428 3529; x_wconf 85' lang='lat' dir='ltr'><strong>esse</strong></span> 
     </span>
     <span class='ocr_line' id='line_1_24' title="bbox 365 3570 1427 3681; baseline -0.008 -28"><span class='ocrx_word' id='word_1_155' title='bbox 365 3581 581 3681; x_wconf 88' lang='lat' dir='ltr'><strong>potuissent,</strong></span> <span class='ocrx_word' id='word_1_156' title='bbox 599 3571 907 3674; x_wconf 87' lang='lat' dir='ltr'><strong>quemadmodum</strong></span> <span class='ocrx_word' id='word_1_157' title='bbox 932 3596 988 3643; x_wconf 88' lang='lat' dir='ltr'><strong>res</strong></span> <span class='ocrx_word' id='word_1_158' title='bbox 1006 3570 1081 3670; x_wconf 84' lang='lat' dir='ltr'><strong>ipsa</strong></span> <span class='ocrx_word' id='word_1_159' title='bbox 1098 3594 1290 3670; x_wconf 80' lang='lat' dir='ltr'><strong>exposcere</strong></span> <span class='ocrx_word' id='word_1_160' title='bbox 1311 3588 1347 3645; x_wconf 92' lang='lat' dir='ltr'><strong>et</strong></span> <span class='ocrx_word' id='word_1_161' title='bbox 1365 3573 1427 3645; x_wconf 66' lang='lat' dir='ltr'><strong>de⁴</strong></span> 
     </span>
     <span class='ocr_line' id='line_1_25' title="bbox 364 3691 728 3771; baseline -0.025 0"><span class='ocrx_word' id='word_1_162' title='bbox 364 3696 519 3771; x_wconf 86' lang='lat' dir='ltr'><strong>siderare</strong></span> <span class='ocrx_word' id='word_1_163' title='bbox 535 3691 728 3766; x_wconf 80' lang='lat' dir='ltr'><strong>videretur.</strong></span> 
     </span>
    </p>

    <p class='ocr_par' dir='ltr' id='par_1_3' title="bbox 364 3801 1427 4261">
     <span class='ocr_line' id='line_1_26' title="bbox 414 3801 1427 3911; baseline -0.01 -25"><span class='ocrx_word' id='word_1_164' title='bbox 414 3814 523 3911; x_wconf 89' lang='lat' dir='ltr'><strong>lgitur</strong></span> <span class='ocrx_word' id='word_1_165' title='bbox 546 3806 769 3906; x_wconf 81' lang='lat' dir='ltr'><strong>congregatis</strong></span> <span class='ocrx_word' id='word_1_166' title='bbox 793 3804 843 3877; x_wconf 88' lang='lat' dir='ltr'><strong>sie</strong></span> <span class='ocrx_word' id='word_1_167' title='bbox 869 3801 1051 3903; x_wconf 85' lang='lat' dir='ltr'><strong>partibus,</strong></span> <span class='ocrx_word' id='word_1_168' title='bbox 1067 3827 1131 3901; x_wconf 91' lang='lat' dir='ltr'><strong>per</strong></span> <span class='ocrx_word' id='word_1_169' title='bbox 1154 3802 1329 3901; x_wconf 90' lang='lat' dir='ltr'><strong>plurimos</strong></span> <span class='ocrx_word' id='word_1_170' title='bbox 1350 3802 1427 3877; x_wconf 88' lang='lat' dir='ltr'><strong>dies</strong></span> 
     </span>
     <span class='ocr_line' id='line_1_27' title="bbox 364 3920 1422 4029; baseline -0.008 -24"><span class='ocrx_word' id='word_1_171' title='bbox 364 3933 456 4006; x_wconf 90' lang='lat' dir='ltr'><strong>inter</strong></span> <span class='ocrx_word' id='word_1_172' title='bbox 472 3928 629 4029; x_wconf 89' lang='lat' dir='ltr'><strong>singulas</strong></span> <span class='ocrx_word' id='word_1_173' title='bbox 639 3938 756 4026; x_wconf 86' lang='lat' dir='ltr'><strong>partes</strong></span> <span class='ocrx_word' id='word_1_174' title='bbox 768 3923 880 4025; x_wconf 82' lang='lat' dir='ltr'><strong>rpulta</strong></span> <span class='ocrx_word' id='word_1_175' title='bbox 892 3920 1073 3995; x_wconf 90' lang='lat' dir='ltr'><strong>hincinde</strong></span> <span class='ocrx_word' id='word_1_176' title='bbox 1085 3923 1210 4021; x_wconf 88' lang='lat' dir='ltr'><strong>petita,</strong></span> <span class='ocrx_word' id='word_1_177' title='bbox 1224 3926 1422 4023; x_wconf 90' lang='lat' dir='ltr'><strong>proposita,</strong></span> 
     </span>
     <span class='ocr_line' id='line_1_28' title="bbox 364 4038 1424 4142; baseline -0.008 -21"><span class='ocrx_word' id='word_1_178' title='bbox 364 4050 475 4141; x_wconf 88' lang='lat' dir='ltr'><strong>dicta,</strong></span> <span class='ocrx_word' id='word_1_179' title='bbox 490 4046 639 4142; x_wconf 84' lang='lat' dir='ltr'><strong>allegata</strong></span> <span class='ocrx_word' id='word_1_180' title='bbox 656 4058 763 4140; x_wconf 86' lang='lat' dir='ltr'><strong>atque</strong></span> <span class='ocrx_word' id='word_1_181' title='bbox 780 4062 951 4141; x_wconf 88' lang='lat' dir='ltr'><strong>responsa</strong></span> <span class='ocrx_word' id='word_1_182' title='bbox 965 4039 1154 4137; x_wconf 86' lang='lat' dir='ltr'><strong>tranquille</strong></span> <span class='ocrx_word' id='word_1_183' title='bbox 1171 4038 1328 4113; x_wconf 82' lang='lat' dir='ltr'><strong>luerunt.</strong></span> <span class='ocrx_word' id='word_1_184' title='bbox 1351 4040 1424 4115; x_wconf 89' lang='lat' dir='ltr'><strong>Sed</strong></span> 
     </span>
     <span class='ocr_line' id='line_1_29' title="bbox 365 4158 1423 4261; baseline -0.007 -24"><span class='ocrx_word' id='word_1_185' title='bbox 365 4162 660 4261; x_wconf 86' lang='lat' dir='ltr'><strong>Burgundionum</strong></span> <span class='ocrx_word' id='word_1_186' title='bbox 672 4158 761 4253; x_wconf 88' lang='lat' dir='ltr'><strong>dux,</strong></span> <span class='ocrx_word' id='word_1_187' title='bbox 778 4182 880 4249; x_wconf 92' lang='lat' dir='ltr'><strong>cum,</strong></span> <span class='ocrx_word' id='word_1_188' title='bbox 898 4169 1046 4255; x_wconf 90' lang='lat' dir='ltr'><strong>propter</strong></span> <span class='ocrx_word' id='word_1_189' title='bbox 1061 4169 1283 4229; x_wconf 84' lang='lat' dir='ltr'><strong>sacramenta</strong></span> <span class='ocrx_word' id='word_1_190' title='bbox 1298 4158 1423 4230; x_wconf 88' lang='lat' dir='ltr'><strong>arctis·</strong></span> 
     </span>
    </p>
   </div>
   <div class='ocr_carea' id='block_1_3' title="bbox 364 4376 1438 4813">
    <p class='ocr_par' dir='ltr' id='par_1_4' title="bbox 364 4376 1438 4729">
     <span class='ocr_line' id='line_1_30' title="bbox 405 4376 1423 4461; baseline -0.004 -15"><span class='ocrx_word' id='word_1_191' title='bbox 405 4388 435 4447; x_wconf 91' lang='lat' dir='ltr'><strong>l.</strong></span> <span class='ocrx_word' id='word_1_192' title='bbox 457 4390 497 4447; x_wconf 85' lang='lat' dir='ltr'><strong>Le</strong></span> <span class='ocrx_word' id='word_1_193' title='bbox 519 4384 647 4447; x_wconf 75' lang='lat' dir='ltr'><strong>cardinal</strong></span> <span class='ocrx_word' id='word_1_194' title='bbox 660 4382 697 4445; x_wconf 84' lang='lat' dir='ltr'><strong>de</strong></span> <span class='ocrx_word' id='word_1_195' title='bbox 711 4380 924 4453; x_wconf 73' lang='lat' dir='ltr'><strong>sainte-cmix,</strong></span> <span class='ocrx_word' id='word_1_196' title='bbox 941 4378 1057 4439; x_wconf 76' lang='lat' dir='ltr'><strong>Nicolas</strong></span> <span class='ocrx_word' id='word_1_197' title='bbox 1073 4376 1368 4461; x_wconf 69' lang='lat' dir='ltr'><strong>Albergati,6vdqt1e</strong></span> <span class='ocrx_word' id='word_1_198' title='bbox 1385 4382 1423 4443; x_wconf 88' lang='lat' dir='ltr'><strong>de</strong></span> 
     </span>
     <span class='ocr_line' id='line_1_31' title="bbox 364 4475 1438 4640; baseline -0.003 -14"><span class='ocrx_word' id='word_1_199' title='bbox 364 4475 503 4626; x_wconf 45' lang='lat' dir='ltr'><strong>Bollglt</strong></span> <span class='ocrx_word' id='word_1_200' title='bbox 519 4561 647 4624; x_wconf 75' lang='lat' dir='ltr'><strong>cardinal</strong></span> <span class='ocrx_word' id='word_1_201' title='bbox 668 4562 704 4622; x_wconf 85' lang='lat' dir='ltr'><strong>de</strong></span> <span class='ocrx_word' id='word_1_202' title='bbox 724 4562 850 4640; x_wconf 83' lang='lat' dir='ltr'><strong>Chypre,</strong></span> <span class='ocrx_word' id='word_1_203' title='bbox 875 4564 995 4640; x_wconf 71' lang='lat' dir='ltr'><strong>linguat</strong></span> <span class='ocrx_word' id='word_1_204' title='bbox 1009 4556 1048 4619; x_wconf 83' lang='lat' dir='ltr'><strong>dc</strong></span> <span class='ocrx_word' id='word_1_205' title='bbox 1067 4556 1227 4635; x_wconf 79' lang='lat' dir='ltr'><strong>Lmigntn,</strong></span> <span class='ocrx_word' id='word_1_206' title='bbox 1251 4554 1365 4639; x_wconf 74' lang='lat' dir='ltr'><strong>tveque</strong></span> <span class='ocrx_word' id='word_1_207' title='bbox 1384 4558 1438 4623; x_wconf 79' lang='lat' dir='ltr'><strong>de·</strong></span> 
     </span>
     <span class='ocr_line' id='line_1_32' title="bbox 364 4644 1214 4729; baseline -0.011 -11"><span class='ocrx_word' id='word_1_208' title='bbox 364 4655 510 4729; x_wconf 75' lang='lat' dir='ltr'><strong>Pre&#39;nestt,</strong></span> <span class='ocrx_word' id='word_1_209' title='bbox 525 4652 570 4713; x_wconf 82' lang='lat' dir='ltr'><strong>fils</strong></span> <span class='ocrx_word' id='word_1_210' title='bbox 583 4650 623 4711; x_wconf 88' lang='lat' dir='ltr'><strong>du</strong></span> <span class='ocrx_word' id='word_1_211' title='bbox 637 4650 680 4711; x_wconf 84' lang='lat' dir='ltr'><strong>mi</strong></span> <span class='ocrx_word' id='word_1_212' title='bbox 693 4649 730 4710; x_wconf 85' lang='lat' dir='ltr'><strong>de</strong></span> <span class='ocrx_word' id='word_1_213' title='bbox 743 4649 858 4729; x_wconf 80' lang='lat' dir='ltr'><strong>Chypre</strong></span> <span class='ocrx_word' id='word_1_214' title='bbox 873 4652 997 4727; x_wconf 78' lang='lat' dir='ltr'><strong>Jaoques</strong></span> <span class='ocrx_word' id='word_1_215' title='bbox 1007 4646 1045 4707; x_wconf 87' lang='lat' dir='ltr'><strong>de</strong></span> <span class='ocrx_word' id='word_1_216' title='bbox 1056 4644 1214 4727; x_wconf 72' lang='lat' dir='ltr'><strong>halgum.</strong></span> 
     </span>
    </p>

    <p class='ocr_par' dir='ltr' id='par_1_5' title="bbox 443 4750 1303 4813">
     <span class='ocr_line' id='line_1_33' title="bbox 443 4750 1303 4813; baseline -0.007 0"><span class='ocrx_word' id='word_1_217' title='bbox 443 4772 455 4813; x_wconf 84' lang='lat' dir='ltr'><strong>r</strong></span> <span class='ocrx_word' id='word_1_218' title='bbox 1284 4750 1303 4807; x_wconf 85' lang='grc' dir='ltr'><strong><em>Ἰ</em></strong></span> 
     </span>
    </p>
   </div>
   <div class='ocr_carea' id='block_1_4' title="bbox 0 0 1950 5892">
    <p class='ocr_par' dir='ltr' id='par_1_6' title="bbox 0 0 1950 5892">
     <span class='ocr_line' id='line_1_34' title="bbox 0 0 1950 5892; baseline 0 3"><span class='ocrx_word' id='word_1_219' title='bbox 0 0 1950 5892; x_wconf 95' lang='lat' dir='ltr'><strong> </strong></span> 
     </span>
    </p>
   </div>
  </div>
 </body>
</html>
