3892 5892
729 925 1040 998 aramoumrus.
1349 927 1404 984 ru

352 1044 459 1118 locati
478 1059 595 1135 erant,
621 1046 778 1118 simulet
803 1047 986 1120 ministros
1002 1049 1112 1146 ipsius
1128 1047 1335 1120 bombardae
1357 1049 1409 1120 la-

351 1159 558 1251 cessebant,
576 1175 613 1232 et
629 1160 764 1234 nedum
784 1161 922 1251 uerbis,
943 1162 1129 1235 sedetiam
1153 1162 1286 1236 crebris
1307 1165 1409 1261 jacti·

350 1272 419 1344 bus
437 1273 762 1352 bombardellarum
779 1290 815 1347 et
830 1274 907 1348 aliis
924 1276 1131 1366 missilibus,
1151 1278 1295 1376 eripuis
1315 1304 1408 1350 non·

352 1388 471 1461 nullos
497 1389 678 1462 interdum
702 1390 757 1462 vel
781 1391 1042 1465 interficiebant
1066 1394 1122 1466 vel
1156 1392 1406 1468 vulnerdbant.

352 1503 493 1592 Quibus
509 1527 636 1576 eorum
657 1505 795 1603 injuriis
820 1520 857 1578 et
885 1505 1204 1604 inquietationibus
1228 1509 1327 1604 gravi
1357 1509 1410 1582 ira

351 1633 460 1720 atque
483 1619 729 1716 indignatione
751 1634 937 1717 permotus
960 1621 1071 1721 ipsius
1096 1621 1304 1696 bombardae
1335 1648 1410 1696 ma-

352 1735 472 1831 gister,
493 1733 757 1808 stimulantibus
772 1737 879 1808 etiam
893 1735 1239 1834 Rotbomagensibus
1257 1739 1318 1834 qui
1339 1738 1409 1810 illic

351 1850 522 1942 aderant,
542 1851 659 1947 ignem
678 1849 725 1922 ad
743 1848 945 1924 machinam
963 1865 1197 1950 praeparatum
1224 1851 1406 1943 admovit3

352 1967 415 2062 qui
434 1965 531 2063 jactu
548 1991 615 2037 suo
640 1965 765 2036 turrim
787 1965 903 2054 illam,
922 1966 958 2038 in
976 1990 1048 2062 qua
1064 1965 1204 2040 stabant
1219 1964 1268 2038 illi
1283 1992 1409 2043 eorum

353 2079 624 2177 inquietatores,
642 2080 859 2178 percutiens,
879 2079 975 2153 illam
992 2080 1039 2153 ad
1057 2096 1187 2154 terram
1205 2097 1311 2179 atque
1327 2109 1411 2155 con·

353 2203 594 2276 tumeliatores
619 2203 664 2276 ad
693 2204 824 2275 inferos
848 2203 990 2299 deiecit.
1021 2209 1091 2276 Nec
1117 2230 1203 2277 vero
1226 2205 1283 2276 illa
1310 2221 1410 2306 petra

352 2318 556 2414 quiescens,
581 2317 644 2390 sed
665 2342 730 2414 per
750 2317 928 2414 oppidum
946 2319 1121 2389 remotius
1137 2318 1280 2406 volans,
1298 2319 1410 2393 multa

351 2429 480 2502 aedium
499 2445 592 2503 tecta
609 2429 756 2528 dejecit,
776 2430 908 2502 multos
922 2431 1074 2528 parietes
1094 2431 1261 2528 perfodit.

403 2545 465 2618 lllo
482 2545 600 2644 itaque
613 2546 766 2617 exterriti
779 2557 960 2632 monstro,
979 2545 1041 2642 qui
1052 2547 1147 2618 intus
1163 2561 1266 2618 erant
1281 2547 1409 2644 buglo-

353 2688 432 2735 rum
455 2662 583 2747 duces,
611 2661 806 2760 prudenter
825 2659 1149 2733 animadvertentes
1174 2683 1281 2756 quarn
1309 2661 1410 2735 lacile

351 2777 544 2876 oppidum,
563 2776 644 2847 licet
658 2800 743 2848 sanc
758 2775 842 2847 satis
854 2773 1026 2846 industrie
1041 2799 1082 2846 ac
1097 2775 1283 2871 magnifice
1298 2775 1407 2868 vallo,

352 2891 552 2983 moenibus,
575 2889 731 2964 turribus
753 2903 789 2963 et
820 2891 1101 2989 propugnaculis
1124 2893 1406 2981 communitum,

350 3007 543 3104 expugnari
556 3006 740 3104 potuisset,
753 3005 783 3076 si
800 3006 967 3078 acaeteris
980 3002 1154 3078 machinis
1172 3005 1303 3104 pariter
1317 3007 1409 3079 muri

351 3133 384 3190 et
397 3133 510 3192 turres
521 3125 747 3216 conquassati
761 3119 918 3205 luissent,
935 3119 1096 3217 periculo
1111 3119 1254 3190 obviam
1268 3136 1407 3210 euntes,

351 3230 530 3321 inducias,
549 3248 587 3303 ut
616 3232 790 3321 diximus,
814 3229 1063 3329 requisierunt.
1098 3232 1321 3327 Urgebantur
1338 3249 1409 3307 ete·

352 3346 426 3418 nim
448 3347 557 3416 etiam
582 3344 748 3432 aliunde;
766 3366 850 3415 uam
867 3367 911 3414 ex
934 3356 1033 3441 parte
1059 3345 1262 3416 monasterii
1289 3349 1407 3420 Sancti

304 3453 310 3462 ’
350 3460 536 3559 Stephani,
555 3460 618 3556 qui
633 3472 748 3531 castra
771 3456 822 3529 ibi
844 3457 1048 3530 locaverant
1065 3457 1225 3528 Britoncs
1244 3473 1277 3530 et
1296 3457 1407 3534 franci

349 3575 540 3672 sagittarii,
568 3575 615 3648 ita
639 3599 705 3673 per
724 3575 837 3647 fossos
868 3573 1053 3647 cuniculos
1081 3590 1117 3648 et
1137 3597 1263 3674 specus
1284 3577 1408 3650 subin·

351 3705 488 3764 baneas
505 3691 635 3763 moenia
646 3689 878 3782 suffoderant,
896 3704 937 3762 ut
950 3689 1025 3788 jam
1042 3688 1129 3763 nilril
1147 3715 1247 3790 paene
1262 3707 1407 3766 restaret

350 3807 607 3907 impedimento
627 3807 821 3903 quominus
834 3807 879 3878 ad
897 3807 1089 3879 intrinseca
1106 3807 1230 3905 oppidi
1246 3823 1407 3904 penetra·

350 3939 440 3997 rent.
460 3927 569 3997 Erant
584 3924 681 3995 enim
699 3923 767 4021 ipsi
782 3922 875 3995 intra
887 3923 980 3995 muri
996 3921 1207 3998 densitatem
1223 3923 1260 3994 in
1283 3923 1407 3996 lunda·

350 4040 478 4111 mentis
498 4038 686 4137 hospitati,
710 4038 759 4110 ita
776 4053 813 4110 ut
827 4038 901 4135 jam
918 4063 1002 4110 cum
1024 4039 1210 4124 intraneis,
1231 4061 1315 4110 cum
1331 4039 1408 4137 pri·

349 4176 448 4224 mum
461 4153 559 4226 factae
570 4154 711 4226 fuerunt
726 4151 897 4240 induciae,
913 4151 1157 4250 loquerentur,
1176 4153 1407 4250 motioncque

350 4266 455 4337 unius
477 4266 605 4365 lapidis
628 4267 802 4340 foramine
824 4266 938 4354 iacto,
963 4265 1010 4338 ab
1034 4264 1091 4338 bis
1115 4265 1176 4363 qui
1192 4265 1288 4338 intus
1305 4283 1409 4340 erant

350 4393 456 4476 potus
472 4380 596 4452 iisdem
612 4381 838 4478 praeberetur.
861 4381 968 4476 lgitur
984 4379 1092 4452 duces
1110 4379 1325 4476 Anglorum,
1344 4381 1408 4454 in-

349 4488 465 4562 duciis
481 4493 655 4589 aoecptis,
674 4492 721 4564 de
735 4493 920 4564 deditione
936 4504 1153 4564 tractarunt:
1172 4515 1280 4590 quam
1301 4497 1407 4567 Fran·

349 4631 476 4680 corum
492 4631 554 4678 rea
570 4607 728 4704 accepit,
744 4630 915 4679 concessa
932 4605 1015 4678 duci
1033 4607 1265 4682 Summeraeti
1286 4624 1321 4682 ct
1334 4611 1407 4682 suis

428 4741 441 4782 ι
1011 4735 1017 4750 ·
1229 4724 1268 4782 ld
