3892 5892
1014 667 1027 718 i

726 889 840 950 mlta
857 891 1008 954 ramus.
1356 893 1395 950 i'i

332 1013 443 1102 tium,
468 1011 525 1084 vel
551 1010 638 1086 inde
662 1013 986 1102 mansnetantium,
1012 1013 1131 1089 salvus
1157 1013 1217 1088 rix
1241 1013 1394 1090 evadere

333 1141 492 1226 poterat,
509 1128 599 1227 quin
616 1127 829 1228 apraedictis
846 1131 970 1230 piratis
987 1143 1186 1230 caperetur.
1208 1129 1313 1206 Unde
1328 1155 1395 1233 op-

333 1243 460 1344 pidum
473 1243 563 1320 illud
579 1245 815 1339 {dorestotum
833 1247 934 1347 quod
951 1263 1005 1323 est
1026 1249 1133 1322 situm
1150 1247 1198 1322 ad
1215 1247 1395 1326 orificium

332 1371 519 1469 sequanae,
537 1395 654 1470 prope
671 1369 734 1444 ubi
752 1369 850 1445 idem
866 1371 998 1445 fluvius
1014 1373 1052 1446 in
1067 1396 1167 1445 mare
1180 1372 1311 1468 influit,
1329 1373 1395 1448 hu·

329 1487 532 1586 juscemodi
547 1487 681 1588 rapinis
696 1501 734 1561 et
748 1489 891 1588 spoliis,
909 1503 987 1564 tum
1006 1488 1204 1590 Anglorum
1223 1491 1391 1584 maxime,

334 1617 413 1676 tum
430 1603 539 1677 etiam
561 1601 713 1676 aliorum
735 1627 1049 1704 quorumcumque
1076 1602 1122 1678 ad
1147 1629 1240 1703 quos
1267 1628 1396 1681 manm

334 1720 475 1793 mittere
491 1717 602 1792 iidem
614 1719 737 1820 piratae
751 1719 971 1819 potuissent,
991 1717 1205 1820 opulentum
1219 1721 1324 1798 valde
1339 1723 1395 1795 ei-

335 1835 468 1910 fectum
491 1849 584 1926 erat,
605 1837 635 1908 si
654 1849 775 1908 tamen
800 1849 898 1908 recte
921 1836 1105 1937 opulentia
1120 1837 1191 1912 dici
1215 1851 1334 1938 potest
1351 1864 1394 1913 ex

336 1951 467 2025 talibus
482 1952 618 2052 rapinis
630 1950 847 2051 conquisita.

385 2071 468 2142 Haec
486 2091 574 2164 ergo
593 2066 724 2164 injuria
747 2079 864 2140 totum
882 2065 972 2142 illud
997 2091 1148 2166 regnum
1171 2081 1207 2142 et
1230 2069 1395 2144 omnium

334 2182 535 2256 incolarum
543 2183 619 2280 ejus
628 2182 769 2256 animos
780 2183 935 2256 maxime
949 2182 1116 2256 accendit
1131 2197 1239 2283 atque
1254 2185 1397 2286 impulit

335 2313 393 2390 ut,
410 2323 487 2372 sese
502 2297 633 2372 mrbus
649 2297 816 2398 periculis
832 2295 1095 2388 subducentes,
1114 2323 1239 2398 poenas
1256 2325 1324 2400 pro
1341 2315 1396 2374 ta-

334 2413 429 2488 libus
454 2413 596 2487 damnis
621 2427 737 2512 atque
761 2413 901 2513 injuriis
933 2427 1185 2513 reposcerent,
1212 2428 1396 2516 terrasque

166 2516 167 2523 ἵ
287 2617 291 2625 ¹
335 2530 576 2620 Normanniae,
595 2554 616 2603 a
635 2528 766 2629 quibus
786 2530 836 2603 ita
854 2530 1009 2626 graviter
1024 2531 1295 2631 premebantur,
1314 2557 1397 2608 suas

335 2644 444 2720 ulturi
453 2646 618 2744 injurias,
628 2644 922 2744 aggrederentur.
933 2645 1005 2721 Sed
1017 2660 1053 2720 et
1067 2646 1114 2720 ad
1130 2646 1168 2720 id
1184 2646 1395 2722 audendum

334 2763 442 2838 etiam
462 2765 602 2839 invitati
619 2790 640 2838 a
658 2761 931 2863 quamplurimis
951 2778 1172 2859 asseruntur,
1200 2788 1222 2838 a
1249 2765 1396 2866 praefato

333 2885 488 2973 Joanne‚
504 2879 804 2977 Burgundionum
820 2877 932 2974 duee,
950 2879 1033 2978 qui,
1056 2903 1139 2954 cum
1158 2894 1308 2981 propter
1330 2905 1397 2956 ne-

332 3018 414 3069 cem
428 2996 530 3070 ducis
546 2993 856 3070 Aurelianensium
871 3009 909 3068 et
928 2993 1029 3089 alias,
1047 3019 1137 3095 quas
1155 3019 1265 3097 supra
1280 2997 1398 3071 retuli·

333 3136 427 3204 mus,
446 3136 584 3204 causas,
602 3135 729 3185 omnes
743 3134 845 3210 pane
860 3111 961 3208 regni
979 3111 1161 3212 principes
1178 3126 1215 3185 et
1231 3137 1397 3213 proceres

333 3227 381 3300 ad
403 3253 442 3302 ee
463 3227 776 3302 exterminandum
801 3225 1000 3299 concitatos
1025 3225 1184 3322 videret,
1213 3251 1280 3300 nec
1298 3229 1397 3301 solue

334 3343 436 3418 facile
454 3359 583 3419 contra
604 3359 741 3420 tantam
761 3341 961 3443 potentiam
983 3366 1022 3415 se
1046 3367 1089 3416 ac
1112 3355 1224 3416 terras
1240 3367 1323 3418 suas
1338 3358 1397 3418 tu·

335 3461 402 3532 tari
433 3461 626 3560 potuisset,
653 3459 780 3536 solatia
804 3457 852 3532 ab
877 3455 1031 3554 tngticis
1061 3456 1148 3556 ipsis
1179 3480 1394 3556 exposcens,

334 3575 471 3649 eisdem
486 3577 560 3649 suis
571 3573 738 3674 potiundi
748 3572 934 3648 desideriis
945 3595 1114 3668 magnam
1129 3569 1298 3646 fiduciam
1309 3597 1399 3646 con·

334 3691 435 3788 tulit;
460 3718 544 3766 cum
562 3693 671 3766 etiam
686 3691 797 3791 ipsius
813 3685 973 3790 potentia
991 3702 1027 3761 et
1046 3687 1201 3780 viribus,
1221 3689 1285 3790 qui
1302 3714 1396 3764 unus

333 3832 378 3881 ex
398 3809 507 3882 totius
524 3808 626 3906 regni
647 3804 870 3907 principibus
887 3805 1004 3902 major
1023 3829 1066 3878 ac
1085 3805 1269 3905 potentior
1293 3805 1395 3879 vide·

333 3920 453 4016 batur,
466 3947 594 3998 eorum
608 3921 769 4023 potentia
782 3921 939 3995 maxime
952 3935 1144 4018 augeretur
1156 3934 1193 3994 et
1204 3936 1392 3996 cresceret.

383 4039 567 4138 Regnabat
581 4053 669 4113 tunc
688 4039 726 4110 in
744 4038 870 4136 Anglia
888 4036 1064 4110 Henricus
1083 4037 1328 4128 lancastrie¹,
1348 4037 1395 4113 ad

336 4178 462 4252 quem,
479 4157 652 4230 exstincto
671 4179 755 4252 rege
773 4151 948 4245 Ricardo,
968 4153 1078 4224 totius
1103 4152 1205 4248 regni
1229 4151 1396 4228 modera-

235 4341 245 4354 ,
336 4267 387 4342 tio
404 4295 448 4344 ex
466 4286 616 4370 paterna
634 4269 860 4345 successione
883 4265 1053 4342 devoluta
1077 4279 1165 4340 erat.
1195 4269 1314 4356 Quam
1337 4269 1395 4342 tti-

375 4534 405 4594 t.
428 4533 519 4594 flenti
530 4535 568 4606 v,
581 4531 627 4594 roi
642 4528 1025 4612 peri'mnrpttionqneson
1037 4527 1108 4609 pere
1120 4525 1199 4590 erait
1211 4531 1395 4592 msommie
1468 4547 1476 4560 ·

335 4621 576 4686 snrltichsrdll.
1218 4719 1237 4776 ἲ

414 4745 428 4785 r
