3892 5892
746 886 856 945 uasa
875 886 1057 980 Quassus.
1235 879 1242 894 '
1366 888 1422 946 su

373 1022 562 1109 captarum
574 1007 721 1081 feliciter
732 1008 920 1081 adversum
930 1007 1093 1106 anglicos
1106 1032 1226 1082 rerum
1240 1010 1424 1109 exquirere

373 1123 610 1223 amplectique
624 1124 871 1199 decreverunt.
894 1125 949 1198 td
967 1126 1065 1225 ipsos
1080 1140 1201 1199 autem
1216 1150 1260 1199 ex
1275 1126 1425 1199 diversis

376 1240 602 1312 Normanniae
619 1239 761 1339 oppipsp
780 1239 873 1314 clarn
894 1240 1012 1313 nuntii
1029 1240 1147 1339 plures
1164 1240 1422 1335 adventabant,

372 1350 597 1451 pollicentes,
617 1378 660 1426 ex
674 1378 801 1427 eorum
816 1380 840 1428 a
863 1354 1249 1455 quibusmittebantur
1273 1356 1426 1429 nomini·

373 1466 460 1559 bus,
486 1469 622 1568 absque
649 1468 821 1545 dilatione
847 1470 924 1544 iieri
949 1470 1113 1571 locorum
1141 1472 1341 1547 deditiones
1365 1472 1427 1570 (ut

372 1584 525 1659 Cadomi
542 1601 578 1659 et
592 1584 750 1677 Falesia,
773 1586 1102 1687 nonnullorumque
1118 1586 1310 1687 aliorum),
1328 1590 1358 1663 si
1380 1588 1427 1663 ad

373 1700 520 1775 cosdem
542 1704 716 1777 exercitus
735 1701 794 1775 ille
819 1702 936 1799 regius
957 1702 1177 1778 adventaret.
1197 1704 1427 1778 Verissimum

372 1822 472 1895 enim
481 1820 568 1895 illud
579 1846 656 1897 esse
667 1821 944 1895 Ciceronianum
956 1834 1033 1895 tum
1049 1821 1327 1897 luculentissime
1339 1846 1426 1895 con·

372 1936 507 2029 stabat,
527 1936 628 2035 quod
653 1966 672 2005 u
690 1936 790 2011 nulla
804 1937 859 2010 vis
874 1950 974 2011 tanta
995 1949 1049 2010 est
1064 1937 1203 2036 imperii
1221 1962 1321 2037 quae,
1346 1960 1427 2037 pre·

373 2067 494 2127 mente
519 2068 637 2142 matu,
664 2054 777 2153 possit
800 2078 877 2127 esse
899 2052 1082 2127 diuturna.
1104 2082 1122 2121 s
1143 2052 1267 2143 Unde,
1285 2076 1368 2126 cum
1386 2074 1429 2125 ea

373 2191 446 2267 qua
478 2168 747 2266 conquisierant
775 2170 813 2241 vi
837 2168 939 2267 Angli
961 2168 1189 2255 Normanniae
1215 2168 1427 2269 imperium,

373 2285 1426 2386 metuetiamgravissimoprovincialiumanimospremente,

374 2401 590 2491 tenuissent,
608 2402 728 2475 statim
745 2398 809 2475 ubi
824 2415 989 2500 apertum
1002 2403 1080 2489 iter,
1096 2424 1171 2499 quo
1187 2399 1284 2471 illam
1301 2398 1430 2473 duram

374 2530 491 2591 metus
505 2530 611 2613 atque
621 2516 798 2591 violentiae
812 2516 1017 2591 servitutem
1033 2513 1247 2613 abrumpere
1263 2527 1427 2613 possent,

373 2632 617 2729 inspexerunt,
628 2632 762 2708 alacres
770 2615 881 2709 'veluti
893 2631 1048 2706 naturali
1062 2628 1221 2728 quodam
1230 2642 1333 2703 motu
1343 2629 1427 2715 acti,

373 2747 535 2822 naturale
554 2763 591 2823 ct
604 2751 885 2825 vetustissimum
902 2762 1022 2839 terrae,
1040 2752 1259 2821 Francorum
1277 2744 1427 2833 scilicet,

372 2862 587 2964 imperium,
630 2890 706 2939 non
737 2865 848 2941 modo
878 2866 1057 2964 recipere,
1092 2862 1156 2937 sed
1186 2862 1363 2937 advocare
1394 2877 1430 2937 et

372 2978 570 3055 adsciscere
593 2980 838 3072 conabantur,
864 3004 1013 3079 seseque
1039 2978 1087 3053 ad
1117 2978 1231 3073 illud,
1259 2993 1430 3078 tanquam

372 3092 421 3167 ad
445 3097 617 3170 naturalis
644 3099 771 3196 quietis
794 3095 934 3191 locum,
962 3096 1154 3169 transferre
1173 3094 1427 3195 properabant.

374 3208 581 3309 sdaugebu
595 3214 633 3285 in
651 3214 703 3285 eis
717 3212 756 3285 id
775 3210 954 3285 efficiendi
969 3209 1185 3284 desiderium
1201 3211 1429 3301 existimatio,

374 3348 485 3421 quam
493 3350 595 3427 pane
605 3327 703 3427 apud
714 3352 840 3400 omnes
855 3326 1003 3426 publica
1017 3324 1307 3403 disseminaverat
1323 3327 1429 3417 lama,

374 3441 476 3540 quod
495 3448 715 3519 Francorum
730 3470 792 3517 rex
807 3442 876 3517 sibi
897 3442 1062 3517 subditos
1079 3444 1116 3517 in
1133 3444 1231 3517 bona
1245 3444 1381 3541 justitia
1397 3460 1433 3519 et

374 3556 538 3634 libertate
553 3575 800 3653 conservaret,
823 3584 978 3659 suosque
994 3560 1123 3633 milites
1139 3583 1160 3633 a
1174 3560 1308 3661 rapinis
1324 3575 1433 3657 atquo

375 3674 512 3769 injuriis
542 3676 817 3777 provincialium
844 3676 1066 3750 severissimo
1097 3690 1289 3750 coerceret.
1324 3676 1430 3765 Quod

377 3790 516 3865 utinam
538 3795 655 3893 reipsa
676 3794 726 3867 ita
743 3806 968 3893 compertum
991 3790 1260 3890 exhibitumque
1288 3790 1429 3885 suisset,

375 3922 511 4005 quanta
525 3910 572 3984 de
587 3910 659 3983 hoc
674 3910 887 4007 vulgabatur
907 3910 1052 4008 opinio,
1070 3908 1352 4009 pollicitatioque
1369 3908 1431 3982 fie-

377 4022 440 4097 bat
453 4026 500 4097 ab
518 4027 561 4099 iis
576 4028 638 4126 qui
654 4028 750 4100 vices
762 4026 875 4125 regias
890 4022 1145 4127 preferebant!

425 4140 515 4211 Cum
535 4142 641 4239 igitur
660 4141 748 4214 dicti
764 4142 927 4215 antistitis
947 4165 1056 4240 super
1073 4140 1145 4213 boc
1161 4165 1183 4214 a
1199 4138 1351 4241 prefatis
1364 4138 1433 4215 du·

377 4252 478 4325 cibus
489 4272 713 4356 expeteretur
720 4258 924 4349 consilium,
934 4282 995 4349 an,
1006 4254 1219 4331 vocantibus
1228 4254 1374 4330 eosdem
1386 4254 1433 4328 dc

377 4372 553 4470 praedictis
566 4378 711 4477 oppidis
727 4377 903 4451 inferioris
918 4378 1145 4451 Normanniae
1153 4376 1428 4475 acquiescentes,

378 4490 438 4563 illo
474 4494 670 4567 exercitum
698 4493 949 4586 admoverent,
977 4492 1073 4567 idem
1107 4494 1315 4594 episcopua,
1349 4490 1432 4566 licet

376 4606 493 4704 prima
516 4605 603 4680 lacis
628 4608 855 4708 profuturum
882 4608 992 4704 magis
1012 4608 1144 4681 civitati
1169 4634 1240 4683 suae
1260 4608 1296 4682 id
1314 4608 1430 4709 ipsum
