3892 5892
499 883 558 941 llo
785 874 1043 933 fllstomsatttt
1060 874 1200 934 cauom
1221 878 1273 934 VII

499 1020 535 1078 et
550 999 788 1075 habitandum
803 997 985 1093 venirent,
1005 1014 1045 1072 ut
1067 1001 1196 1074 exinde
1212 1001 1359 1075 liberius
1375 1017 1412 1075 et
1426 1004 1567 1078 facilius

501 1118 697 1219 anglorum
724 1116 898 1189 terminos
933 1117 1171 1192 incursarent.
1203 1123 1248 1190 Et
1279 1133 1384 1191 eraut
1417 1119 1566 1218 quidem

500 1265 623 1342 parvo
641 1261 794 1311 numero
814 1264 822 1305 ε
844 1235 981 1333 equites
1006 1234 1213 1309 ferebantur
1241 1261 1316 1308 non
1342 1237 1435 1309 ultra
1458 1238 1566 1334 quin-

499 1356 669 1455 quaginta
692 1367 754 1425 aut
779 1348 961 1447 sexaginta
976 1350 1132 1441 lanceae,
1153 1350 1291 1451 pedites
1321 1374 1409 1424 vero
1425 1350 1568 1424 circiter

420 1530 425 1549 .
500 1473 647 1546 ducenti
670 1482 731 1543 aut
747 1468 896 1541 trecenti
907 1498 927 1558 ς.
937 1492 1095 1561 quorum
1112 1466 1286 1542 ducatum
1303 1468 1477 1542 curabant
1491 1468 1565 1542 duo

500 1588 635 1663 strenui
661 1591 881 1659 Francorum
910 1582 1043 1657 militiae
1068 1585 1263 1684 capitanei,
1292 1610 1449 1683 quorum
1477 1584 1567 1658 alter

504 1709 551 1775 La
568 1704 694 1795 Hiere,
719 1698 808 1773 alter
829 1700 966 1769 Paeon*
984 1697 1245 1797 appellabatur.
1265 1698 1374 1787 Quod
1391 1723 1475 1771 cum
1495 1702 1567 1773 Ro·

501 1819 661 1915 tbomagi
685 1830 778 1889 esset
808 1816 1016 1889 nuntiatum
1042 1816 1189 1916 praelato
1215 1820 1340 1890 comiti
1361 1818 1563 1912 arundelli,

501 1938 564 2035 qui
580 1960 665 2008 cum
680 1934 835 2011 exercitu
850 1948 973 2033 petere
986 1932 1227 2009 Caletensium
1242 1938 1433 2029 terminos,
1445 1935 1567 2009 adens

501 2048 1100 2151 opprimendos,sepraeparaverat,
1112 2051 1567 2151 etexercitumcxpeditum

500 2162 670 2257 habebat,
691 2190 814 2239 versam
831 2180 990 2237 castrum
1007 2165 1098 2239 illud
1115 2166 1162 2239 de
1176 2166 1358 2264 Gerbemy
1368 2192 1454 2241 suos
1470 2192 1567 2265 gras·

501 2306 561 2354 sus
586 2280 728 2355 direxit.
756 2284 949 2367 Quocum
976 2280 1204 2355 adventasset
1231 2306 1315 2355 cum
1343 2282 1568 2357 festinatione

501 2420 586 2469 cum
614 2394 884 2494 quadringentis
910 2408 971 2466 aut
998 2396 1203 2493 quingentis
1233 2394 1280 2469 de
1311 2383 1567 2471 valentioribus

502 2510 680 2611 equitibus
698 2511 789 2603 suis,
805 2507 984 2607 reliquum
1007 2534 1115 2584 suum
1131 2513 1326 2585 exercitum
1346 2526 1383 2585 ct
1399 2510 1484 2585 belli
1501 2537 1566 2614 ap·

501 2642 666 2727 paratum
680 2626 913 2724 praeveniens,
931 2624 1114 2719 cogitabat
1128 2630 1295 2720 Francos,
1309 2650 1356 2699 ne
1368 2650 1433 2726 per
1445 2626 1566 2725 sugam

501 2743 594 2818 elabi
610 2756 769 2843 possent,
783 2740 1064 2837 circumquaque
1076 2741 1356 2839 circumcingere
1371 2758 1408 2815 et
1417 2743 1469 2815 eis
1486 2768 1565 2817 om·

501 2884 586 2937 nem
602 2862 736 2933 exitum
752 2854 963 2956 prohibere,
979 2851 1047 2927 sibi
1063 2856 1242 2955 pollicitus
1256 2883 1319 2932 eos
1335 2885 1463 2935 omnes
1474 2862 1566 2961 pati·

502 2976 595 3050 bulis
611 2990 647 3048 et
663 2974 770 3049 luicis
782 2970 927 3070 affigere
944 2997 953 3043 ε
973 2972 1021 3045 ad
1034 2973 1136 3071 quod
1150 2974 1434 3074 perfidendnm,
1453 3000 1566 3076 equos

501 3092 646 3165 funibus
662 3087 849 3188 et'laqueis
863 3102 1015 3161 onustos
1028 3114 1153 3165 secum
1165 3092 1375 3167 adduxerat.
1394 3093 1466 3167 Sed
1481 3117 1565 3165 cum

501 3206 577 3305 ejus
593 3206 757 3281 animum
771 3201 877 3277 simul
890 3214 927 3275 et
938 3206 1139 3303 periculum
1152 3234 1276 3302 sumn,
1289 3210 1352 3308 qui
1364 3209 1438 3283 illic
1448 3208 1566 3284 adsta·

501 3322 609 3415 bant,
634 3324 761 3399 Franci
776 3348 852 3399 non
876 3320 1118 3420 ignorassent,
1137 3326 1400 3429 perpendentes
1414 3328 1566 3425 qualiter

501 3442 636 3515 circum
651 3442 837 3519 castellum
852 3446 922 3547 ipsi
937 3447 1059 3543 Angli,
1075 3446 1179 3543 equis
1204 3446 1277 3519 suis
1298 3444 1436 3519 traditis
1461 3468 1566 3518 man·

502 3557 671 3659 gonibus,
697 3560 764 3635 bac
786 3577 894 3661 atque
919 3562 1000 3635 illac
1023 3562 1201 3637 incautius
1225 3576 1476 3661 pervagantes,
1494 3562 1565 3633 im-

501 3677 654 3776 provide
669 3702 747 3751 sese
763 3692 926 3776 agerent,
941 3678 1081 3776 impetn
1097 3675 1216 3751 valido
1233 3702 1319 3751 cum
1329 3676 1510 3776 equitibus
1521 3701 1574 3762 ac·

501 3788 726 3891 pedestribus
739 3794 854 3891 copiis
867 3818 888 3866 e
901 3794 1051 3889 vestigio
1063 3794 1350 3892 insequentibus,
1363 3792 1409 3867 de
1419 3796 1565 3869 castello

501 3909 537 3981 in
561 3910 659 4007 ipsos
683 3909 881 4003 irmerunt,
900 3933 963 3983 eos
988 3933 1074 3982 cum
1090 3908 1212 3983 fauore
1234 3934 1366 4010 magno
1389 3908 1565 3985 cedentes

501 4039 537 4096 et
547 4038 826 4124 prosternentes.
837 4024 1013 4123 Adquem
1028 4024 1220 4099 tumultum
1237 4026 1431 4101 cumidem
1442 4050 1565 4100 comes

502 4140 657 4228 excitus,
682 4140 720 4211 in
736 4139 931 4238 quemdam
953 4139 1101 4213 hortum
1125 4164 1210 4212 cum
1232 4139 1395 4240 pluribus
1415 4167 1563 4216 suorum

502 4252 679 4326 nobilium
692 4280 730 4328 se
744 4256 952 4355 recepisset,
969 4254 1066 4329 cresis
1080 4255 1190 4328 ferme
1205 4257 1376 4331 omnibus
1390 4260 1454 4359 qui
1468 4260 1564 4332 circa
1654 4308 1659 4315 -

502 4392 540 4441 se
566 4370 740 4466 aderant,
767 4372 902 4479 etipse
928 4372 1002 4445 ictu
1032 4368 1287 4448 bombardellae
1307 4354 1410 4475 juxta
1432 4376 1563 4477 pedem

545 4614 572 4673 t.
595 4614 637 4673 La
646 4610 754 4674 Hireet
767 4616 862 4679 Poton
874 4614 912 4684 dc
924 4614 1122 4679 Xaintrailloa.
