<?xml version="1.0" encoding="UTF-8"?>
<!DOCTYPE html PUBLIC "-//W3C//DTD XHTML 1.0 Transitional//EN"
    "http://www.w3.org/TR/xhtml1/DTD/xhtml1-transitional.dtd">
<html xmlns="http://www.w3.org/1999/xhtml" xml:lang="en" lang="en">
 <head>
  <title>
</title>
<meta http-equiv="Content-Type" content="text/html;charset=utf-8" />
  <meta name='ocr-system' content='tesseract 3.04.00' />
  <meta name='ocr-capabilities' content='ocr_page ocr_carea ocr_par ocr_line ocrx_word'/>
</head>
<body>
  <div class='ocr_page' id='page_1' title='image "./histoiredesrgne01amelgoog_0488.png"; bbox 0 0 3892 5892; ppageno 0'>
   <div class='ocr_carea' id='block_1_1' title="bbox 714 920 1399 1003">
    <p class='ocr_par' dir='ltr' id='par_1_1' title="bbox 714 920 1399 1003">
     <span class='ocr_line' id='line_1_1' title="bbox 714 920 1399 1003; baseline 0.006 -21"><span class='ocrx_word' id='word_1_1' title='bbox 714 920 822 986; x_wconf 80' lang='lat' dir='ltr'><strong>mesu</strong></span> <span class='ocrx_word' id='word_1_2' title='bbox 842 925 1013 1003; x_wconf 84' lang='lat' dir='ltr'><strong>Qurmus.</strong></span> <span class='ocrx_word' id='word_1_3' title='bbox 1336 931 1399 986; x_wconf 83' lang='lat' dir='ltr'><strong>ssa</strong></span> 
     </span>
    </p>
   </div>
   <div class='ocr_carea' id='block_1_2' title="bbox 346 1045 1407 2992">
    <p class='ocr_par' dir='ltr' id='par_1_2' title="bbox 346 1045 1407 2992">
     <span class='ocr_line' id='line_1_2' title="bbox 346 1045 1394 1152; baseline 0.006 -32"><span class='ocrx_word' id='word_1_4' title='bbox 346 1049 508 1150; x_wconf 85' lang='lat' dir='ltr'><strong>phinatu,</strong></span> <span class='ocrx_word' id='word_1_5' title='bbox 527 1045 590 1121; x_wconf 86' lang='lat' dir='ltr'><strong>ubi</strong></span> <span class='ocrx_word' id='word_1_6' title='bbox 598 1070 712 1150; x_wconf 89' lang='lat' dir='ltr'><strong>prope</strong></span> <span class='ocrx_word' id='word_1_7' title='bbox 720 1052 1005 1152; x_wconf 81' lang='lat' dir='ltr'><strong>quinquennium</strong></span> <span class='ocrx_word' id='word_1_8' title='bbox 1019 1050 1093 1152; x_wconf 85' lang='lat' dir='ltr'><strong>jam</strong></span> <span class='ocrx_word' id='word_1_9' title='bbox 1106 1055 1331 1145; x_wconf 83' lang='lat' dir='ltr'><strong>remoratus¹,</strong></span> <span class='ocrx_word' id='word_1_10' title='bbox 1349 1051 1394 1126; x_wconf 88' lang='lat' dir='ltr'><strong>ad</strong></span> 
     </span>
     <span class='ocr_line' id='line_1_3' title="bbox 347 1163 1396 1266; baseline 0.004 -31"><span class='ocrx_word' id='word_1_11' title='bbox 347 1179 504 1260; x_wconf 88' lang='lat' dir='ltr'><strong>patrem,</strong></span> <span class='ocrx_word' id='word_1_12' title='bbox 524 1163 607 1236; x_wconf 84' lang='lat' dir='ltr'><strong>iicet</strong></span> <span class='ocrx_word' id='word_1_13' title='bbox 619 1187 701 1236; x_wconf 91' lang='lat' dir='ltr'><strong>eum</strong></span> <span class='ocrx_word' id='word_1_14' title='bbox 718 1166 916 1266; x_wconf 84' lang='lat' dir='ltr'><strong>pluriesad</strong></span> <span class='ocrx_word' id='word_1_15' title='bbox 933 1195 970 1242; x_wconf 87' lang='lat' dir='ltr'><strong>se</strong></span> <span class='ocrx_word' id='word_1_16' title='bbox 988 1183 1028 1240; x_wconf 90' lang='lat' dir='ltr'><strong>ut</strong></span> <span class='ocrx_word' id='word_1_17' title='bbox 1046 1183 1277 1242; x_wconf 70' lang='lat' dir='ltr'><strong>reverteretur</strong></span> <span class='ocrx_word' id='word_1_18' title='bbox 1293 1193 1396 1240; x_wconf 92' lang='lat' dir='ltr'><strong>com·</strong></span> 
     </span>
     <span class='ocr_line' id='line_1_4' title="bbox 348 1280 1397 1381; baseline 0.003 -31"><span class='ocrx_word' id='word_1_19' title='bbox 348 1280 562 1370; x_wconf 74' lang='lat' dir='ltr'>monuisset,</span> <span class='ocrx_word' id='word_1_20' title='bbox 595 1281 741 1354; x_wconf 90' lang='lat' dir='ltr'><strong>minime</strong></span> <span class='ocrx_word' id='word_1_21' title='bbox 769 1287 905 1356; x_wconf 80' lang='lat' dir='ltr'><strong>curavit</strong></span> <span class='ocrx_word' id='word_1_22' title='bbox 930 1283 1111 1356; x_wconf 85' lang='lat' dir='ltr'><strong>accedere.</strong></span> <span class='ocrx_word' id='word_1_23' title='bbox 1145 1287 1184 1354; x_wconf 89' lang='lat' dir='ltr'><strong>ln</strong></span> <span class='ocrx_word' id='word_1_24' title='bbox 1213 1308 1286 1381; x_wconf 92' lang='lat' dir='ltr'><strong>quo</strong></span> <span class='ocrx_word' id='word_1_25' title='bbox 1311 1299 1397 1354; x_wconf 90' lang='lat' dir='ltr'><strong>tem·</strong></span> 
     </span>
     <span class='ocr_line' id='line_1_5' title="bbox 347 1395 1397 1498; baseline 0.002 -31"><span class='ocrx_word' id='word_1_26' title='bbox 347 1419 477 1493; x_wconf 91' lang='lat' dir='ltr'><strong>porum</strong></span> <span class='ocrx_word' id='word_1_27' title='bbox 505 1395 676 1490; x_wconf 84' lang='lat' dir='ltr'><strong>decursu,</strong></span> <span class='ocrx_word' id='word_1_28' title='bbox 703 1399 817 1471; x_wconf 78' lang='lat' dir='ltr'><strong>muita</strong></span> <span class='ocrx_word' id='word_1_29' title='bbox 841 1402 923 1472; x_wconf 85' lang='lat' dir='ltr'><strong>satis</strong></span> <span class='ocrx_word' id='word_1_30' title='bbox 949 1413 1045 1471; x_wconf 90' lang='lat' dir='ltr'><strong>certe</strong></span> <span class='ocrx_word' id='word_1_31' title='bbox 1071 1401 1179 1498; x_wconf 88' lang='lat' dir='ltr'><strong>impia</strong></span> <span class='ocrx_word' id='word_1_32' title='bbox 1204 1415 1239 1470; x_wconf 93' lang='lat' dir='ltr'><strong>et</strong></span> <span class='ocrx_word' id='word_1_33' title='bbox 1266 1397 1397 1470; x_wconf 79' lang='lat' dir='ltr'><strong>nefaria</strong></span> 
     </span>
     <span class='ocr_line' id='line_1_6' title="bbox 348 1513 1399 1613; baseline 0.003 -32"><span class='ocrx_word' id='word_1_34' title='bbox 348 1525 579 1609; x_wconf 71' lang='lat' dir='ltr'><strong>perpetrarat.</strong></span> <span class='ocrx_word' id='word_1_35' title='bbox 598 1513 771 1585; x_wconf 78' lang='lat' dir='ltr'><strong>Defuncta</strong></span> <span class='ocrx_word' id='word_1_36' title='bbox 795 1537 925 1613; x_wconf 86' lang='lat' dir='ltr'><strong>nempe</strong></span> <span class='ocrx_word' id='word_1_37' title='bbox 942 1537 1006 1585; x_wconf 91' lang='lat' dir='ltr'><strong>sua</strong></span> <span class='ocrx_word' id='word_1_38' title='bbox 1028 1515 1147 1612; x_wconf 88' lang='lat' dir='ltr'><strong>priore</strong></span> <span class='ocrx_word' id='word_1_39' title='bbox 1169 1537 1300 1600; x_wconf 83' lang='lat' dir='ltr'><strong>uxore,</strong></span> <span class='ocrx_word' id='word_1_40' title='bbox 1319 1535 1399 1610; x_wconf 84' lang='lat' dir='ltr'><strong>quae</strong></span> 
     </span>
     <span class='ocr_line' id='line_1_7' title="bbox 348 1625 1400 1729; baseline 0.005 -34"><span class='ocrx_word' id='word_1_41' title='bbox 348 1625 416 1697; x_wconf 89' lang='lat' dir='ltr'><strong>sibi</strong></span> <span class='ocrx_word' id='word_1_42' title='bbox 436 1625 553 1699; x_wconf 81' lang='lat' dir='ltr'><strong>adhuc</strong></span> <span class='ocrx_word' id='word_1_43' title='bbox 575 1627 790 1701; x_wconf 86' lang='lat' dir='ltr'><strong>adolescenti</strong></span> <span class='ocrx_word' id='word_1_44' title='bbox 811 1646 924 1729; x_wconf 85' lang='lat' dir='ltr'><strong>nupta</strong></span> <span class='ocrx_word' id='word_1_45' title='bbox 941 1630 1075 1722; x_wconf 78' lang='lat' dir='ltr'><strong>fuerat,</strong></span> <span class='ocrx_word' id='word_1_46' title='bbox 1100 1632 1288 1702; x_wconf 78' lang='lat' dir='ltr'><strong>Scotorum</strong></span> <span class='ocrx_word' id='word_1_47' title='bbox 1309 1627 1400 1726; x_wconf 84' lang='lat' dir='ltr'><strong>regis</strong></span> 
     </span>
     <span class='ocr_line' id='line_1_8' title="bbox 348 1737 1400 1842; baseline 0.002 -32"><span class='ocrx_word' id='word_1_48' title='bbox 348 1737 419 1812; x_wconf 78' lang='lat' dir='ltr'><strong>fitia</strong></span> <span class='ocrx_word' id='word_1_49' title='bbox 427 1743 450 1829; x_wconf 87' lang='lat'><strong>¹,</strong></span> <span class='ocrx_word' id='word_1_50' title='bbox 477 1740 611 1840; x_wconf 86' lang='lat' dir='ltr'><strong>absque</strong></span> <span class='ocrx_word' id='word_1_51' title='bbox 634 1743 725 1814; x_wconf 87' lang='lat' dir='ltr'><strong>scitu</strong></span> <span class='ocrx_word' id='word_1_52' title='bbox 742 1756 777 1814; x_wconf 93' lang='lat' dir='ltr'><strong>et</strong></span> <span class='ocrx_word' id='word_1_53' title='bbox 796 1767 973 1817; x_wconf 90' lang='lat' dir='ltr'><strong>consensu</strong></span> <span class='ocrx_word' id='word_1_54' title='bbox 998 1744 1108 1842; x_wconf 87' lang='lat' dir='ltr'><strong>patris</strong></span> <span class='ocrx_word' id='word_1_55' title='bbox 1136 1745 1172 1814; x_wconf 89' lang='lat' dir='ltr'><strong>in</strong></span> <span class='ocrx_word' id='word_1_56' title='bbox 1200 1741 1297 1814; x_wconf 90' lang='lat' dir='ltr'><strong>dicto</strong></span> <span class='ocrx_word' id='word_1_57' title='bbox 1319 1741 1400 1813; x_wconf 86' lang='lat' dir='ltr'><strong>del-</strong></span> 
     </span>
     <span class='ocr_line' id='line_1_9' title="bbox 348 1854 1400 1953; baseline 0.004 -28"><span class='ocrx_word' id='word_1_58' title='bbox 348 1854 497 1953; x_wconf 87' lang='lat' dir='ltr'><strong>phinatu</strong></span> <span class='ocrx_word' id='word_1_59' title='bbox 514 1858 701 1952; x_wconf 79' lang='lat' dir='ltr'><strong>exsistens,</strong></span> <span class='ocrx_word' id='word_1_60' title='bbox 720 1857 829 1930; x_wconf 81' lang='lat' dir='ltr'><strong>tiliam</strong></span> <span class='ocrx_word' id='word_1_61' title='bbox 845 1857 946 1930; x_wconf 86' lang='lat' dir='ltr'><strong>ducis</strong></span> <span class='ocrx_word' id='word_1_62' title='bbox 958 1857 1144 1930; x_wconf 85' lang='lat' dir='ltr'><strong>Sabaudiae</strong></span> <span class='ocrx_word' id='word_1_63' title='bbox 1163 1858 1199 1930; x_wconf 92' lang='lat' dir='ltr'><strong>in</strong></span> <span class='ocrx_word' id='word_1_64' title='bbox 1216 1858 1400 1930; x_wconf 86' lang='lat' dir='ltr'><strong>matrimo-</strong></span> 
     </span>
     <span class='ocr_line' id='line_1_10' title="bbox 349 1970 1402 2073; baseline 0.003 -33"><span class='ocrx_word' id='word_1_65' title='bbox 349 1970 450 2042; x_wconf 86' lang='lat' dir='ltr'>nium</span> <span class='ocrx_word' id='word_1_66' title='bbox 478 1976 666 2072; x_wconf 86' lang='lat' dir='ltr'><strong>assumpsit</strong></span> <span class='ocrx_word' id='word_1_67' title='bbox 677 1977 700 2064; x_wconf 83' lang='lat'><strong>⁸,</strong></span> <span class='ocrx_word' id='word_1_68' title='bbox 725 1973 815 2046; x_wconf 83' lang='lat' dir='ltr'><strong>nihit</strong></span> <span class='ocrx_word' id='word_1_69' title='bbox 842 1973 888 2045; x_wconf 93' lang='lat' dir='ltr'><strong>de</strong></span> <span class='ocrx_word' id='word_1_70' title='bbox 914 1989 1064 2072; x_wconf 77' lang='lat' dir='ltr'><strong>paterno</strong></span> <span class='ocrx_word' id='word_1_71' title='bbox 1090 1973 1262 2073; x_wconf 88' lang='lat' dir='ltr'><strong>imperio,</strong></span> <span class='ocrx_word' id='word_1_72' title='bbox 1287 1972 1344 2044; x_wconf 83' lang='lat' dir='ltr'><strong>vel</strong></span> <span class='ocrx_word' id='word_1_73' title='bbox 1369 1971 1402 2044; x_wconf 92' lang='lat' dir='ltr'><strong>ei</strong></span> 
     </span>
     <span class='ocr_line' id='line_1_11' title="bbox 349 2085 1402 2180; baseline 0.002 -23"><span class='ocrx_word' id='word_1_74' title='bbox 349 2085 469 2158; x_wconf 85' lang='lat' dir='ltr'><strong>debita</strong></span> <span class='ocrx_word' id='word_1_75' title='bbox 489 2089 685 2160; x_wconf 82' lang='lat' dir='ltr'><strong>reverentia</strong></span> <span class='ocrx_word' id='word_1_76' title='bbox 708 2111 751 2160; x_wconf 84' lang='lat' dir='ltr'><strong>ao</strong></span> <span class='ocrx_word' id='word_1_77' title='bbox 775 2088 999 2180; x_wconf 84' lang='lat' dir='ltr'><strong>obedientia,</strong></span> <span class='ocrx_word' id='word_1_78' title='bbox 1026 2101 1087 2161; x_wconf 86' lang='lat' dir='ltr'><strong>aut</strong></span> <span class='ocrx_word' id='word_1_79' title='bbox 1113 2089 1259 2160; x_wconf 84' lang='lat' dir='ltr'><strong>minime</strong></span> <span class='ocrx_word' id='word_1_80' title='bbox 1279 2109 1402 2160; x_wconf 83' lang='lat' dir='ltr'><strong>curare</strong></span> 
     </span>
     <span class='ocr_line' id='line_1_12' title="bbox 349 2199 1403 2302; baseline 0.003 -30"><span class='ocrx_word' id='word_1_81' title='bbox 349 2225 387 2272; x_wconf 87' lang='lat' dir='ltr'><strong>se</strong></span> <span class='ocrx_word' id='word_1_82' title='bbox 402 2199 577 2273; x_wconf 84' lang='lat' dir='ltr'><strong>indicans.</strong></span> <span class='ocrx_word' id='word_1_83' title='bbox 594 2205 710 2289; x_wconf 85' lang='lat' dir='ltr'><strong>Quam</strong></span> <span class='ocrx_word' id='word_1_84' title='bbox 732 2227 816 2290; x_wconf 75' lang='lat' dir='ltr'><strong>cum</strong></span> <span class='ocrx_word' id='word_1_85' title='bbox 833 2204 1045 2302; x_wconf 76' lang='lat' dir='ltr'><strong>accepisset,</strong></span> <span class='ocrx_word' id='word_1_86' title='bbox 1065 2225 1139 2276; x_wconf 91' lang='lat' dir='ltr'><strong>non</strong></span> <span class='ocrx_word' id='word_1_87' title='bbox 1158 2203 1263 2300; x_wconf 85' lang='lat' dir='ltr'><strong>longe</strong></span> <span class='ocrx_word' id='word_1_88' title='bbox 1280 2217 1403 2302; x_wconf 82' lang='lat' dir='ltr'><strong>postea</strong></span> 
     </span>
     <span class='ocr_line' id='line_1_13' title="bbox 349 2314 1403 2416; baseline 0.001 -30"><span class='ocrx_word' id='word_1_89' title='bbox 349 2315 490 2413; x_wconf 86' lang='lat' dir='ltr'><strong>qualern</strong></span> <span class='ocrx_word' id='word_1_90' title='bbox 514 2317 705 2389; x_wconf 82' lang='lat' dir='ltr'><strong>amicitiam</strong></span> <span class='ocrx_word' id='word_1_91' title='bbox 728 2318 823 2416; x_wconf 85' lang='lat' dir='ltr'><strong>apud</strong></span> <span class='ocrx_word' id='word_1_92' title='bbox 847 2341 884 2390; x_wconf 88' lang='lat' dir='ltr'><strong>se</strong></span> <span class='ocrx_word' id='word_1_93' title='bbox 908 2314 1003 2390; x_wconf 90' lang='lat' dir='ltr'><strong>idem</strong></span> <span class='ocrx_word' id='word_1_94' title='bbox 1028 2317 1100 2389; x_wconf 84' lang='lat' dir='ltr'><strong>dus</strong></span> <span class='ocrx_word' id='word_1_95' title='bbox 1125 2317 1309 2389; x_wconf 83' lang='lat' dir='ltr'><strong>Sabaudiae</strong></span> <span class='ocrx_word' id='word_1_96' title='bbox 1335 2341 1403 2415; x_wconf 88' lang='lat' dir='ltr'><strong>pro</strong></span> 
     </span>
     <span class='ocr_line' id='line_1_14' title="bbox 352 2429 1402 2523; baseline 0 -20"><span class='ocrx_word' id='word_1_97' title='bbox 352 2431 413 2503; x_wconf 87' lang='lat' dir='ltr'><strong>tali</strong></span> <span class='ocrx_word' id='word_1_98' title='bbox 429 2431 601 2504; x_wconf 84' lang='lat' dir='ltr'><strong>affinitate</strong></span> <span class='ocrx_word' id='word_1_99' title='bbox 619 2433 830 2523; x_wconf 86' lang='lat' dir='ltr'><strong>invenisset,</strong></span> <span class='ocrx_word' id='word_1_100' title='bbox 849 2431 916 2504; x_wconf 88' lang='lat' dir='ltr'><strong>sibi</strong></span> <span class='ocrx_word' id='word_1_101' title='bbox 933 2429 1100 2505; x_wconf 87' lang='lat' dir='ltr'><strong>ostendit.</strong></span> <span class='ocrx_word' id='word_1_102' title='bbox 1126 2431 1288 2506; x_wconf 86' lang='lat' dir='ltr'><strong>Conficta</strong></span> <span class='ocrx_word' id='word_1_103' title='bbox 1306 2434 1402 2504; x_wconf 91' lang='lat' dir='ltr'><strong>enim</strong></span> 
     </span>
     <span class='ocr_line' id='line_1_15' title="bbox 349 2546 1405 2647; baseline 0.002 -31"><span class='ocrx_word' id='word_1_104' title='bbox 349 2547 494 2643; x_wconf 86' lang='lat' dir='ltr'><strong>querela</strong></span> <span class='ocrx_word' id='word_1_105' title='bbox 509 2546 665 2644; x_wconf 87' lang='lat' dir='ltr'><strong>quadarn</strong></span> <span class='ocrx_word' id='word_1_106' title='bbox 688 2571 780 2620; x_wconf 82' lang='lat' dir='ltr'><strong>vana</strong></span> <span class='ocrx_word' id='word_1_107' title='bbox 798 2571 840 2619; x_wconf 85' lang='lat' dir='ltr'><strong>ac</strong></span> <span class='ocrx_word' id='word_1_108' title='bbox 858 2547 982 2620; x_wconf 69' lang='lat' dir='ltr'><strong>{rivola</strong></span> <span class='ocrx_word' id='word_1_109' title='bbox 997 2553 1020 2641; x_wconf 73' lang='lat'><strong>⁶,</strong></span> <span class='ocrx_word' id='word_1_110' title='bbox 1042 2549 1143 2644; x_wconf 90' lang='lat' dir='ltr'><strong>eujus</strong></span> <span class='ocrx_word' id='word_1_111' title='bbox 1164 2547 1313 2620; x_wconf 85' lang='lat' dir='ltr'><strong>obtentu</strong></span> <span class='ocrx_word' id='word_1_112' title='bbox 1330 2549 1405 2647; x_wconf 91' lang='lat' dir='ltr'><strong>ipse</strong></span> 
     </span>
     <span class='ocr_line' id='line_1_16' title="bbox 351 2661 1406 2761; baseline -0.001 -28"><span class='ocrx_word' id='word_1_113' title='bbox 351 2677 386 2733; x_wconf 88' lang='lat' dir='ltr'><strong>et</strong></span> <span class='ocrx_word' id='word_1_114' title='bbox 399 2662 564 2735; x_wconf 83' lang='lat' dir='ltr'><strong>sateilites</strong></span> <span class='ocrx_word' id='word_1_115' title='bbox 577 2663 649 2756; x_wconf 92' lang='lat' dir='ltr'><strong>sui,</strong></span> <span class='ocrx_word' id='word_1_116' title='bbox 669 2661 716 2734; x_wconf 85' lang='lat' dir='ltr'><strong>ad</strong></span> <span class='ocrx_word' id='word_1_117' title='bbox 733 2687 825 2760; x_wconf 91' lang='lat' dir='ltr'><strong>quos</strong></span> <span class='ocrx_word' id='word_1_118' title='bbox 836 2662 985 2734; x_wconf 85' lang='lat' dir='ltr'><strong>alendos</strong></span> <span class='ocrx_word' id='word_1_119' title='bbox 999 2663 1145 2734; x_wconf 91' lang='lat' dir='ltr'><strong>minime</strong></span> <span class='ocrx_word' id='word_1_120' title='bbox 1153 2676 1293 2761; x_wconf 85' lang='lat' dir='ltr'><strong>poterat</strong></span> <span class='ocrx_word' id='word_1_121' title='bbox 1305 2661 1406 2734; x_wconf 86' lang='lat' dir='ltr'><strong>suffi-</strong></span> 
     </span>
     <span class='ocr_line' id='line_1_17' title="bbox 350 2777 1405 2878; baseline -0.001 -27"><span class='ocrx_word' id='word_1_122' title='bbox 350 2801 432 2851; x_wconf 86' lang='lat' dir='ltr'><strong>cere</strong></span> <span class='ocrx_word' id='word_1_123' title='bbox 451 2778 696 2878; x_wconf 82' lang='lat' dir='ltr'><strong>delphinatus,</strong></span> <span class='ocrx_word' id='word_1_124' title='bbox 722 2777 857 2876; x_wconf 78' lang='lat' dir='ltr'><strong>predas</strong></span> <span class='ocrx_word' id='word_1_125' title='bbox 880 2801 985 2873; x_wconf 79' lang='lat' dir='ltr'><strong>agere</strong></span> <span class='ocrx_word' id='word_1_126' title='bbox 1009 2787 1176 2876; x_wconf 87' lang='lat' dir='ltr'><strong>possent,</strong></span> <span class='ocrx_word' id='word_1_127' title='bbox 1195 2801 1260 2849; x_wconf 92' lang='lat' dir='ltr'><strong>suo</strong></span> <span class='ocrx_word' id='word_1_128' title='bbox 1280 2799 1405 2850; x_wconf 83' lang='lat' dir='ltr'><strong>socero</strong></span> 
     </span>
     <span class='ocr_line' id='line_1_18' title="bbox 351 2889 1407 2992; baseline 0 -28"><span class='ocrx_word' id='word_1_129' title='bbox 351 2915 514 2988; x_wconf 84' lang='lat' dir='ltr'><strong>guerram</strong></span> <span class='ocrx_word' id='word_1_130' title='bbox 539 2891 678 2980; x_wconf 86' lang='lat' dir='ltr'><strong>intulit,</strong></span> <span class='ocrx_word' id='word_1_131' title='bbox 706 2894 742 2963; x_wconf 88' lang='lat' dir='ltr'><strong>in</strong></span> <span class='ocrx_word' id='word_1_132' title='bbox 765 2915 839 2990; x_wconf 89' lang='lat' dir='ltr'><strong>qua</strong></span> <span class='ocrx_word' id='word_1_133' title='bbox 860 2891 960 2964; x_wconf 82' lang='lat' dir='ltr'><strong>villas</strong></span> <span class='ocrx_word' id='word_1_134' title='bbox 976 2889 1151 2990; x_wconf 85' lang='lat' dir='ltr'><strong>quasdam</strong></span> <span class='ocrx_word' id='word_1_135' title='bbox 1172 2905 1208 2964; x_wconf 88' lang='lat' dir='ltr'><strong>et</strong></span> <span class='ocrx_word' id='word_1_136' title='bbox 1235 2890 1407 2992; x_wconf 85' lang='lat' dir='ltr'><strong>oppidula</strong></span> 
     </span>
    </p>
   </div>
   <div class='ocr_carea' id='block_1_3' title="bbox 351 3006 1409 3804">
    <p class='ocr_par' dir='ltr' id='par_1_3' title="bbox 351 3006 1408 3542">
     <span class='ocr_line' id='line_1_19' title="bbox 351 3006 1407 3108; baseline 0.001 -29"><span class='ocrx_word' id='word_1_137' title='bbox 351 3006 536 3079; x_wconf 84' lang='lat' dir='ltr'><strong>Sabsudiae</strong></span> <span class='ocrx_word' id='word_1_138' title='bbox 553 3007 679 3106; x_wconf 79' lang='lat' dir='ltr'><strong>praedae</strong></span> <span class='ocrx_word' id='word_1_139' title='bbox 704 3022 740 3079; x_wconf 91' lang='lat' dir='ltr'><strong>et</strong></span> <span class='ocrx_word' id='word_1_140' title='bbox 763 3007 956 3108; x_wconf 88' lang='lat' dir='ltr'><strong>direptioni</strong></span> <span class='ocrx_word' id='word_1_141' title='bbox 972 3007 1180 3080; x_wconf 89' lang='lat' dir='ltr'><strong>satellitibus</strong></span> <span class='ocrx_word' id='word_1_142' title='bbox 1203 3009 1275 3080; x_wconf 90' lang='lat' dir='ltr'><strong>suis</strong></span> <span class='ocrx_word' id='word_1_143' title='bbox 1298 3031 1407 3106; x_wconf 83' lang='lat' dir='ltr'><strong>expo·</strong></span> 
     </span>
     <span class='ocr_line' id='line_1_20' title="bbox 352 3123 1408 3221; baseline 0.002 -28"><span class='ocrx_word' id='word_1_144' title='bbox 352 3125 433 3194; x_wconf 91' lang='lat' dir='ltr'><strong>suit.</strong></span> <span class='ocrx_word' id='word_1_145' title='bbox 453 3129 520 3196; x_wconf 90' lang='lat' dir='ltr'><strong>Pro</strong></span> <span class='ocrx_word' id='word_1_146' title='bbox 536 3149 609 3221; x_wconf 87' lang='lat' dir='ltr'><strong>qua</strong></span> <span class='ocrx_word' id='word_1_147' title='bbox 623 3123 781 3196; x_wconf 87' lang='lat' dir='ltr'><strong>sedanda</strong></span> <span class='ocrx_word' id='word_1_148' title='bbox 794 3137 847 3212; x_wconf 86' lang='lat' dir='ltr'><strong>et,</strong></span> <span class='ocrx_word' id='word_1_149' title='bbox 865 3125 902 3195; x_wconf 92' lang='lat' dir='ltr'><strong>in</strong></span> <span class='ocrx_word' id='word_1_150' title='bbox 918 3127 1024 3195; x_wconf 89' lang='lat' dir='ltr'><strong>eum&#39;</strong></span> <span class='ocrx_word' id='word_1_151' title='bbox 1039 3149 1084 3196; x_wconf 92' lang='lat' dir='ltr'><strong>ne</strong></span> <span class='ocrx_word' id='word_1_152' title='bbox 1101 3124 1277 3196; x_wconf 87' lang='lat' dir='ltr'><strong>deteriora</strong></span> <span class='ocrx_word' id='word_1_153' title='bbox 1293 3137 1408 3198; x_wconf 85' lang='lat' dir='ltr'><strong>utten-</strong></span> 
     </span>
     <span class='ocr_line' id='line_1_21' title="bbox 353 3235 1408 3336; baseline 0 -26"><span class='ocrx_word' id='word_1_154' title='bbox 353 3253 462 3331; x_wconf 87' lang='lat' dir='ltr'><strong>taret,</strong></span> <span class='ocrx_word' id='word_1_155' title='bbox 480 3235 748 3328; x_wconf 88' lang='lat' dir='ltr'><strong>submovenda,</strong></span> <span class='ocrx_word' id='word_1_156' title='bbox 775 3237 870 3309; x_wconf 90' lang='lat' dir='ltr'><strong>idem</strong></span> <span class='ocrx_word' id='word_1_157' title='bbox 895 3262 998 3310; x_wconf 88' lang='lat' dir='ltr'><strong>socer</strong></span> <span class='ocrx_word' id='word_1_158' title='bbox 1013 3239 1118 3309; x_wconf 85' lang='lat' dir='ltr'><strong>etium</strong></span> <span class='ocrx_word' id='word_1_159' title='bbox 1143 3261 1270 3332; x_wconf 83' lang='lat' dir='ltr'><strong>magna</strong></span> <span class='ocrx_word' id='word_1_160' title='bbox 1297 3263 1408 3336; x_wconf 87' lang='lat' dir='ltr'><strong>pecu-</strong></span> 
     </span>
     <span class='ocr_line' id='line_1_22' title="bbox 354 3351 1408 3451; baseline -0.002 -27"><span class='ocrx_word' id='word_1_161' title='bbox 354 3354 420 3424; x_wconf 81' lang='lat' dir='ltr'><strong>niae</strong></span> <span class='ocrx_word' id='word_1_162' title='bbox 436 3355 633 3451; x_wconf 83' lang='lat' dir='ltr'><strong>quantitate</strong></span> <span class='ocrx_word' id='word_1_163' title='bbox 649 3377 725 3425; x_wconf 90' lang='lat' dir='ltr'><strong>sese</strong></span> <span class='ocrx_word' id='word_1_164' title='bbox 741 3351 928 3443; x_wconf 85' lang='lat' dir='ltr'><strong>redimere,</strong></span> <span class='ocrx_word' id='word_1_165' title='bbox 948 3367 986 3423; x_wconf 92' lang='lat' dir='ltr'><strong>ut</strong></span> <span class='ocrx_word' id='word_1_166' title='bbox 1005 3351 1195 3441; x_wconf 82' lang='lat' dir='ltr'><strong>serebatur,</strong></span> <span class='ocrx_word' id='word_1_167' title='bbox 1212 3351 1408 3424; x_wconf 85' lang='lat' dir='ltr'><strong>consultius</strong></span> 
     </span>
     <span class='ocr_line' id='line_1_23' title="bbox 353 3472 548 3542; baseline 0 0"><span class='ocrx_word' id='word_1_168' title='bbox 353 3472 548 3542; x_wconf 70' lang='lat' dir='ltr'><strong>estimavit.</strong></span> 
     </span>
    </p>

    <p class='ocr_par' dir='ltr' id='par_1_4' title="bbox 354 3582 1409 3804">
     <span class='ocr_line' id='line_1_24' title="bbox 401 3582 1408 3670; baseline -0.005 -11"><span class='ocrx_word' id='word_1_169' title='bbox 401 3588 471 3661; x_wconf 86' lang='lat' dir='ltr'><strong>Sed</strong></span> <span class='ocrx_word' id='word_1_170' title='bbox 488 3586 575 3660; x_wconf 89' lang='lat' dir='ltr'><strong>etin</strong></span> <span class='ocrx_word' id='word_1_171' title='bbox 592 3587 693 3660; x_wconf 87' lang='lat' dir='ltr'><strong>terris</strong></span> <span class='ocrx_word' id='word_1_172' title='bbox 707 3585 831 3656; x_wconf 89' lang='lat' dir='ltr'><strong>vicinis</strong></span> <span class='ocrx_word' id='word_1_173' title='bbox 844 3587 1011 3655; x_wconf 73' lang='lat' dir='ltr'><strong>Romana·</strong></span> <span class='ocrx_word' id='word_1_174' title='bbox 1028 3583 1198 3670; x_wconf 85' lang='lat' dir='ltr'><strong>ecelesiae,</strong></span> <span class='ocrx_word' id='word_1_175' title='bbox 1216 3582 1308 3654; x_wconf 89' lang='lat' dir='ltr'><strong>circa</strong></span> <span class='ocrx_word' id='word_1_176' title='bbox 1320 3585 1408 3654; x_wconf 77' lang='lat' dir='ltr'><strong>Ave·</strong></span> 
     </span>
     <span class='ocr_line' id='line_1_25' title="bbox 354 3698 1409 3804; baseline -0.008 -26"><span class='ocrx_word' id='word_1_177' title='bbox 354 3706 519 3795; x_wconf 92' lang='lat' dir='ltr'><strong>nionem,</strong></span> <span class='ocrx_word' id='word_1_178' title='bbox 544 3725 673 3804; x_wconf 81' lang='lat' dir='ltr'><strong>magna</strong></span> <span class='ocrx_word' id='word_1_179' title='bbox 696 3701 909 3774; x_wconf 87' lang='lat' dir='ltr'><strong>detrimenta</strong></span> <span class='ocrx_word' id='word_1_180' title='bbox 934 3698 1056 3772; x_wconf 75' lang='lat' dir='ltr'><strong>fecisse</strong></span> <span class='ocrx_word' id='word_1_181' title='bbox 1089 3700 1287 3772; x_wconf 81' lang='lat' dir='ltr'><strong>dicebatur·</strong></span> <span class='ocrx_word' id='word_1_182' title='bbox 1312 3725 1320 3770; x_wconf 74' lang='grc' dir='ltr'><strong>ε</strong></span> <span class='ocrx_word' id='word_1_183' title='bbox 1342 3721 1409 3771; x_wconf 91' lang='lat' dir='ltr'><strong>nee</strong></span> 
     </span>
    </p>
   </div>
   <div class='ocr_carea' id='block_1_4' title="bbox 358 3923 1411 4720">
    <p class='ocr_par' dir='ltr' id='par_1_5' title="bbox 395 3923 1325 4008">
     <span class='ocr_line' id='line_1_26' title="bbox 395 3923 1325 4008; baseline -0.006 -18"><span class='ocrx_word' id='word_1_184' title='bbox 395 3933 425 3993; x_wconf 89' lang='lat' dir='ltr'><strong>t.</strong></span> <span class='ocrx_word' id='word_1_185' title='bbox 447 3929 595 4008; x_wconf 75' lang='lat' dir='ltr'><strong>ttytmt</strong></span> <span class='ocrx_word' id='word_1_186' title='bbox 613 3926 714 4007; x_wconf 81' lang='lat' dir='ltr'><strong>depuis</strong></span> <span class='ocrx_word' id='word_1_187' title='bbox 732 3927 760 3986; x_wconf 83' lang='lat' dir='ltr'><strong>le</strong></span> <span class='ocrx_word' id='word_1_188' title='bbox 779 3938 1024 3987; x_wconf 80' lang='lat' dir='ltr'><strong>oommenoement</strong></span> <span class='ocrx_word' id='word_1_189' title='bbox 1043 3925 1080 3985; x_wconf 87' lang='lat' dir='ltr'><strong>de</strong></span> <span class='ocrx_word' id='word_1_190' title='bbox 1101 3923 1214 3990; x_wconf 74' lang='lat' dir='ltr'><strong>t’enne‘e</strong></span> <span class='ocrx_word' id='word_1_191' title='bbox 1236 3925 1325 3984; x_wconf 84' lang='lat' dir='ltr'><strong>tttr.</strong></span> 
     </span>
    </p>

    <p class='ocr_par' dir='ltr' id='par_1_6' title="bbox 395 4008 1048 4100">
     <span class='ocr_line' id='line_1_27' title="bbox 395 4008 1048 4100; baseline -0.003 -24"><span class='ocrx_word' id='word_1_192' title='bbox 395 4021 425 4079; x_wconf 78' lang='lat'><strong>2.</strong></span> <span class='ocrx_word' id='word_1_193' title='bbox 448 4019 621 4100; x_wconf 72' lang='lat' dir='ltr'><strong>Marguerite</strong></span> <span class='ocrx_word' id='word_1_194' title='bbox 635 4008 784 4088; x_wconf 67' lang='lat' dir='ltr'><strong>d&#39;tieosse,</strong></span> <span class='ocrx_word' id='word_1_195' title='bbox 799 4029 893 4076; x_wconf 88' lang='lat' dir='ltr'><strong>morte</strong></span> <span class='ocrx_word' id='word_1_196' title='bbox 904 4035 942 4076; x_wconf 86' lang='lat' dir='ltr'><strong>en</strong></span> <span class='ocrx_word' id='word_1_197' title='bbox 959 4019 1048 4080; x_wconf 74' lang='grc'><strong>4445.</strong></span> 
     </span>
    </p>

    <p class='ocr_par' dir='ltr' id='par_1_7' title="bbox 398 4104 1240 4186">
     <span class='ocr_line' id='line_1_28' title="bbox 398 4104 1240 4186; baseline 0 -20"><span class='ocrx_word' id='word_1_198' title='bbox 398 4111 426 4168; x_wconf 73' lang='grc'><strong>3.</strong></span> <span class='ocrx_word' id='word_1_199' title='bbox 449 4108 593 4168; x_wconf 72' lang='lat' dir='ltr'><strong>Chartotte</strong></span> <span class='ocrx_word' id='word_1_200' title='bbox 606 4107 642 4166; x_wconf 89' lang='lat' dir='ltr'><strong>de</strong></span> <span class='ocrx_word' id='word_1_201' title='bbox 656 4107 771 4168; x_wconf 80' lang='lat' dir='ltr'><strong>Saroie.</strong></span> <span class='ocrx_word' id='word_1_202' title='bbox 784 4106 809 4165; x_wconf 85' lang='lat' dir='ltr'><strong>tt</strong></span> <span class='ocrx_word' id='word_1_203' title='bbox 823 4107 952 4186; x_wconf 72' lang='lat' dir='ltr'><strong>i&#39;epousa</strong></span> <span class='ocrx_word' id='word_1_204' title='bbox 966 4104 994 4164; x_wconf 81' lang='lat' dir='ltr'><strong>ie</strong></span> <span class='ocrx_word' id='word_1_205' title='bbox 1009 4109 1046 4164; x_wconf 90' lang='lat' dir='ltr'><strong>tu</strong></span> <span class='ocrx_word' id='word_1_206' title='bbox 1059 4122 1136 4164; x_wconf 75' lang='lat' dir='ltr'><strong>mers</strong></span> <span class='ocrx_word' id='word_1_207' title='bbox 1150 4107 1240 4166; x_wconf 81' lang='lat' dir='ltr'><strong>ttst.</strong></span> 
     </span>
    </p>

    <p class='ocr_par' dir='ltr' id='par_1_8' title="bbox 358 4187 1411 4364">
     <span class='ocr_line' id='line_1_29' title="bbox 397 4187 1411 4276; baseline -0.003 -25"><span class='ocrx_word' id='word_1_208' title='bbox 397 4196 426 4252; x_wconf 90' lang='lat' dir='ltr'><strong>t.</strong></span> <span class='ocrx_word' id='word_1_209' title='bbox 449 4195 473 4252; x_wconf 93' lang='lat' dir='ltr'><strong>tt</strong></span> <span class='ocrx_word' id='word_1_210' title='bbox 486 4194 626 4274; x_wconf 80' lang='lat' dir='ltr'><strong>s’sgissnit</strong></span> <span class='ocrx_word' id='word_1_211' title='bbox 638 4193 674 4254; x_wconf 89' lang='lat' dir='ltr'><strong>de</strong></span> <span class='ocrx_word' id='word_1_212' title='bbox 688 4195 717 4254; x_wconf 85' lang='lat' dir='ltr'><strong>la</strong></span> <span class='ocrx_word' id='word_1_213' title='bbox 733 4195 896 4274; x_wconf 81' lang='lat' dir='ltr'><strong>possession</strong></span> <span class='ocrx_word' id='word_1_214' title='bbox 915 4191 955 4254; x_wconf 88' lang='lat' dir='ltr'><strong>du</strong></span> <span class='ocrx_word' id='word_1_215' title='bbox 970 4193 1135 4276; x_wconf 74' lang='lat' dir='ltr'><strong>Frucigny,</strong></span> <span class='ocrx_word' id='word_1_216' title='bbox 1150 4192 1202 4271; x_wconf 85' lang='lat' dir='ltr'><strong>qni</strong></span> <span class='ocrx_word' id='word_1_217' title='bbox 1223 4203 1299 4252; x_wconf 78' lang='lat' dir='ltr'><strong>rests</strong></span> <span class='ocrx_word' id='word_1_218' title='bbox 1312 4187 1411 4249; x_wconf 75' lang='lat' dir='ltr'><strong>defini·</strong></span> 
     </span>
     <span class='ocr_line' id='line_1_30' title="bbox 358 4283 1218 4364; baseline 0.002 -24"><span class='ocrx_word' id='word_1_219' title='bbox 358 4283 496 4342; x_wconf 85' lang='lat' dir='ltr'><strong>tivement</strong></span> <span class='ocrx_word' id='word_1_220' title='bbox 511 4303 548 4344; x_wconf 84' lang='lat' dir='ltr'><strong>au</strong></span> <span class='ocrx_word' id='word_1_221' title='bbox 566 4285 703 4364; x_wconf 83' lang='lat' dir='ltr'><strong>dauphin.</strong></span> <span class='ocrx_word' id='word_1_222' title='bbox 726 4287 804 4344; x_wconf 80' lang='lat' dir='ltr'><strong>Certe</strong></span> <span class='ocrx_word' id='word_1_223' title='bbox 818 4284 917 4343; x_wconf 75' lang='lat' dir='ltr'><strong>affaire</strong></span> <span class='ocrx_word' id='word_1_224' title='bbox 933 4303 964 4341; x_wconf 88' lang='lat' dir='ltr'><strong>se</strong></span> <span class='ocrx_word' id='word_1_225' title='bbox 978 4302 1062 4361; x_wconf 82' lang='lat' dir='ltr'><strong>pessa</strong></span> <span class='ocrx_word' id='word_1_226' title='bbox 1076 4303 1112 4340; x_wconf 85' lang='lat' dir='ltr'><strong>en</strong></span> <span class='ocrx_word' id='word_1_227' title='bbox 1131 4284 1218 4342; x_wconf 83' lang='lat' dir='ltr'><strong>ttst.</strong></span> 
     </span>
    </p>

    <p class='ocr_par' dir='ltr' id='par_1_9' title="bbox 398 4371 1230 4446">
     <span class='ocr_line' id='line_1_31' title="bbox 398 4371 1230 4446; baseline 0.001 -16"><span class='ocrx_word' id='word_1_228' title='bbox 398 4376 427 4431; x_wconf 86' lang='lat' dir='ltr'><strong>tt.</strong></span> <span class='ocrx_word' id='word_1_229' title='bbox 449 4376 528 4430; x_wconf 82' lang='lat' dir='ltr'><strong>Dans</strong></span> <span class='ocrx_word' id='word_1_230' title='bbox 540 4371 568 4431; x_wconf 83' lang='lat' dir='ltr'><strong>le</strong></span> <span class='ocrx_word' id='word_1_231' title='bbox 581 4372 752 4446; x_wconf 74' lang='lat' dir='ltr'><strong>manuscrit,</strong></span> <span class='ocrx_word' id='word_1_232' title='bbox 767 4373 895 4430; x_wconf 81' lang='lat' dir='ltr'><strong>sedanda</strong></span> <span class='ocrx_word' id='word_1_233' title='bbox 908 4385 937 4428; x_wconf 88' lang='lat' dir='ltr'><strong>et</strong></span> <span class='ocrx_word' id='word_1_234' title='bbox 952 4391 1016 4428; x_wconf 84' lang='lat' dir='ltr'><strong>eam</strong></span> <span class='ocrx_word' id='word_1_235' title='bbox 1030 4389 1065 4428; x_wconf 86' lang='lat' dir='ltr'><strong>ne</strong></span> <span class='ocrx_word' id='word_1_236' title='bbox 1078 4373 1230 4431; x_wconf 72' lang='lat' dir='ltr'><strong>detersam.</strong></span> 
     </span>
    </p>

    <p class='ocr_par' dir='ltr' id='par_1_10' title="bbox 358 4455 1411 4720">
     <span class='ocr_line' id='line_1_32' title="bbox 399 4455 1411 4542; baseline -0.004 -22"><span class='ocrx_word' id='word_1_237' title='bbox 399 4465 427 4520; x_wconf 89' lang='grc'><strong>6.</strong></span> <span class='ocrx_word' id='word_1_238' title='bbox 454 4465 494 4520; x_wconf 74' lang='lat' dir='ltr'><strong>Ie</strong></span> <span class='ocrx_word' id='word_1_239' title='bbox 509 4481 581 4540; x_wconf 81' lang='lat' dir='ltr'><strong>pape</strong></span> <span class='ocrx_word' id='word_1_240' title='bbox 594 4465 710 4542; x_wconf 75' lang='lat' dir='ltr'><strong>Eugene</strong></span> <span class='ocrx_word' id='word_1_241' title='bbox 725 4465 776 4535; x_wconf 86' lang='lat' dir='ltr'><strong>IV,</strong></span> <span class='ocrx_word' id='word_1_242' title='bbox 790 4482 842 4542; x_wconf 85' lang='lat' dir='ltr'><strong>par</strong></span> <span class='ocrx_word' id='word_1_243' title='bbox 851 4458 932 4518; x_wconf 84' lang='lat' dir='ltr'><strong>bulle</strong></span> <span class='ocrx_word' id='word_1_244' title='bbox 945 4459 984 4518; x_wconf 89' lang='lat' dir='ltr'><strong>du</strong></span> <span class='ocrx_word' id='word_1_245' title='bbox 997 4461 1035 4518; x_wconf 78' lang='lat'><strong>26</strong></span> <span class='ocrx_word' id='word_1_246' title='bbox 1049 4457 1106 4517; x_wconf 82' lang='lat' dir='ltr'><strong>mai</strong></span> <span class='ocrx_word' id='word_1_247' title='bbox 1121 4462 1215 4530; x_wconf 77' lang='lat' dir='ltr'><strong>ttts,</strong></span> <span class='ocrx_word' id='word_1_248' title='bbox 1227 4455 1326 4516; x_wconf 83' lang='lat' dir='ltr'><strong>l’svait</strong></span> <span class='ocrx_word' id='word_1_249' title='bbox 1337 4475 1411 4516; x_wconf 83' lang='lat' dir='ltr'><strong>con·</strong></span> 
     </span>
     <span class='ocr_line' id='line_1_33' title="bbox 358 4541 1411 4630; baseline -0.003 -22"><span class='ocrx_word' id='word_1_250' title='bbox 358 4549 442 4609; x_wconf 77' lang='lat' dir='ltr'><strong>stitue</strong></span> <span class='ocrx_word' id='word_1_251' title='bbox 465 4562 629 4630; x_wconf 86' lang='lat' dir='ltr'><strong>protecteur</strong></span> <span class='ocrx_word' id='word_1_252' title='bbox 643 4551 683 4610; x_wconf 87' lang='lat' dir='ltr'><strong>du</strong></span> <span class='ocrx_word' id='word_1_253' title='bbox 702 4563 808 4610; x_wconf 81' lang='lat' dir='ltr'><strong>contat</strong></span> <span class='ocrx_word' id='word_1_254' title='bbox 822 4545 981 4610; x_wconf 79' lang='lat' dir='ltr'><strong>Venaissin.</strong></span> <span class='ocrx_word' id='word_1_255' title='bbox 1004 4547 1027 4608; x_wconf 91' lang='lat' dir='ltr'><strong>rt</strong></span> <span class='ocrx_word' id='word_1_256' title='bbox 1047 4545 1152 4628; x_wconf 83' lang='lat' dir='ltr'><strong>portait</strong></span> <span class='ocrx_word' id='word_1_257' title='bbox 1166 4543 1269 4626; x_wconf 86' lang='lat' dir='ltr'><strong>depuis</strong></span> <span class='ocrx_word' id='word_1_258' title='bbox 1286 4547 1362 4606; x_wconf 89' lang='lat' dir='ltr'><strong>tttt</strong></span> <span class='ocrx_word' id='word_1_259' title='bbox 1383 4541 1411 4605; x_wconf 84' lang='lat' dir='ltr'><strong>le</strong></span> 
     </span>
     <span class='ocr_line' id='line_1_34' title="bbox 359 4627 907 4720; baseline -0.007 -21"><span class='ocrx_word' id='word_1_260' title='bbox 359 4641 425 4700; x_wconf 89' lang='lat' dir='ltr'><strong>titre</strong></span> <span class='ocrx_word' id='word_1_261' title='bbox 440 4639 477 4699; x_wconf 87' lang='lat' dir='ltr'><strong>de</strong></span> <span class='ocrx_word' id='word_1_262' title='bbox 492 4638 699 4698; x_wconf 77' lang='lat' dir='ltr'><strong>Goutalounier</strong></span> <span class='ocrx_word' id='word_1_263' title='bbox 722 4638 759 4698; x_wconf 85' lang='lat' dir='ltr'><strong>de</strong></span> <span class='ocrx_word' id='word_1_264' title='bbox 780 4627 907 4720; x_wconf 63' lang='lat' dir='ltr'><strong>l&#39;ssgiise.</strong></span> 
     </span>
    </p>
   </div>
   <div class='ocr_carea' id='block_1_5' title="bbox 0 0 1975 5892">
    <p class='ocr_par' dir='ltr' id='par_1_11' title="bbox 0 0 1975 5892">
     <span class='ocr_line' id='line_1_35' title="bbox 0 0 1975 5892; baseline 0 0"><span class='ocrx_word' id='word_1_265' title='bbox 0 0 1975 5892; x_wconf 95' lang='lat' dir='ltr'><strong> </strong></span> 
     </span>
    </p>
   </div>
  </div>
 </body>
</html>
