3892 5892
479 799 490 821 ⁰
545 810 604 873 tat
797 870 803 883 ,
831 810 1087 883 HISlURl-tltlllt
1106 817 1243 887 CAROU
1263 822 1317 879 vn
1425 906 1428 913 ¹

544 948 642 1013 terea
656 935 694 1005 in
711 958 799 1038 pace
811 934 920 1033 potiri
935 961 1018 1020 aum
1030 938 1193 1019 dominio
1205 968 1273 1025 suo
1284 958 1435 1045 utraque
1445 952 1609 1049 partium

546 1050 788 1149 permittebat.
811 1056 854 1132 ttt
878 1078 963 1129 cum
995 1058 1109 1158 patria
1134 1082 1197 1133 sua
1225 1074 1297 1137 tam
1327 1066 1471 1141 Francis
1492 1092 1607 1171 quarn

548 1165 665 1263 englis
689 1166 766 1246 sota
785 1168 822 1246 iu
840 1193 952 1265 regno
969 1175 1171 1252 communis
1197 1191 1232 1252 et
1254 1192 1329 1261 tulit
1355 1202 1603 1281 {manetem

546 1282 811 1365 confluentibus
837 1284 993 1362 adeam
1024 1312 1147 1373 secure,
1171 1306 1277 1390 atque
1310 1309 1390 1369 tuto
1417 1301 1605 1400 utriusque

545 1398 758 1478 obedieutiae
772 1400 1065 1496 negotiatoribus,
1083 1419 1119 1487 ct
1132 1430 1178 1484 eo
1197 1424 1332 1486 meroes
1346 1436 1428 1487 suas
1442 1410 1605 1493 deleren.

544 1514 755 1612 ticinaque
767 1514 943 1613 adportes
957 1518 1106 1603 diver-‘sa
1120 1522 1330 1605 obedientiae
1344 1528 1482 1607 deferre
1499 1536 1602 1611 nullo

544 1630 655 1706 modo
683 1627 831 1721 licebat,
862 1633 1062 1728 Britannia,
1087 1639 1318 1739 saevientibus
1351 1644 1486 1745 obinue
1521 1666 1602 1727 toto

543 1767 656 1841 regno
676 1742 799 1836 bellis,
816 1744 926 1818 veluti
952 1750 1062 1823 totius
1083 1751 1203 1826 Galliae
1222 1760 1391 1853 maguum
1418 1778 1454 1834 et
1480 1765 1602 1841 nubile

544 1858 826 1954 negotiationum
846 1864 1069 1966 emporium,
1087 1870 1295 1969 magnisque
1311 1891 1507 1974 propterea⁴
1519 1883 1601 1980 opi-

542 1970 611 2043 bus
626 1971 734 2043 ditata
751 1987 803 2044 est
819 1988 853 2045 ct
865 1978 1096 2052 multitudiue
1112 1984 1330 2081 populorum
1348 1991 1490 2067 referta.

591 2087 830 2183 confugerant
857 2090 946 2182 illu,
966 2094 1247 2175 intolerabilibus
1268 2103 1528 2187 calamitatibus
1548 2114 1600 2184 af-

542 2202 644 2292 flicti,
663 2200 784 2300 plures
801 2227 842 2275 er
861 2209 1081 2289 Normannia
1096 2214 1181 2286 artis
1199 2214 1363 2311 lanificii,
1382 2246 1462 2320 quae
1484 2229 1600 2323 potis-

541 2317 631 2396 sime
661 2342 802 2417 semper
831 2316 1106 2418 etexcellenter
1131 2329 1169 2401 in
1200 2335 1419 2413 Normannia
1445 2348 1600 2419 exerceri

542 2432 644 2503 solita
667 2446 741 2522 est;
766 2433 931 2530 quicum
955 2436 1081 2512 incolis
1106 2442 1290 2519 Britanniae
1310 2452 1474 2530 eamdem
1498 2484 1598 2533 suam
1701 2460 1706 2469 ’

540 2560 652 2623 artem
669 2550 1002 2643 communicarent,
1023 2580 1101 2629 eam
1124 2561 1283 2635 britones
1299 2566 1346 2637 ab
1364 2568 1449 2671 ipsis
1465 2574 1599 2650 didice-

540 2676 638 2732 runt.
651 2666 709 2766 ¹Er
725 2687 799 2761 quo
820 2662 985 2767 ellectum
1007 2683 1060 2741 est
1086 2666 1146 2761 ut,
1166 2700 1248 2746 curn
1267 2703 1333 2776 per
1355 2698 1436 2755 ante
1463 2687 1499 2758 in
1523 2690 1599 2791 ipsa

540 2769 721 2851 britannia
746 2780 853 2879 pauci
871 2780 1089 2879 admodum,
1108 2790 1185 2860 etii
1203 2795 1370 2902 rusticani
1391 2816 1426 2872 et
1443 2792 1595 2907 hispidi,

540 2883 792 2965 tantummodo
810 2897 920 2993 panni
940 2894 1067 2973 tierent
1083 2900 1129 2977 de
1145 2902 1247 2999 lana,
1272 2916 1505 3013 postmodum
1524 2924 1599 3025 ipsa

542 3007 640 3103 regio
657 3007 801 3105 copiose
817 3021 925 3108 atque
938 3011 1165 3090 abundanter
1181 3022 1288 3097 etiam
1308 3029 1446 3105 nobiles
1461 3060 1598 3133 panum

540 3121 655 3194 facere
673 3124 878 3197 assueverit.
899 3130 951 3198 Ex
967 3128 1097 3227 quibus
1116 3148 1191 3208 tota
1209 3130 1323 3236 patria
1340 3143 1400 3217 illa
1415 3162 1451 3221 et
1465 3156 1597 3255 oppida

540 3238 649 3337 ipsius
666 3237 861 3339 plurimum
875 3241 1027 3319 adaucta
1043 3263 1079 3333 et
1090 3246 1304 3351 locupletata
1320 3277 1416 3335 suut.

588 3358 649 3427 Est
664 3371 785 3431 autem
801 3358 839 3433 in
854 3358 932 3460 ipsa
950 3362 1157 3462 Armorica,
1176 3395 1291 3473 prope
1314 3374 1403 3453 fines
1425 3385 1597 3466 Norman-

538 3629 677 3679 oeterum
689 3613 793 3673 inermi
813 3613 883 3675 belli
899 3614 1090 3693 abstinentia,
1114 3634 1142 3681 et
1159 3624 1225 3703 plus
1251 3629 1282 3691 iu
1306 3633 1437 3700 adversis
1452 3644 1595 3711 fortunam

540 3726 628 3787 quam
653 3703 791 3777 justitiam
812 3718 942 3780 secutus,
965 3704 1082 3765 tandem
1100 3708 1172 3770 lalso
1196 3718 1274 3795 pacis
1301 3721 1455 3789 simulacro
1480 3754 1595 3817 aprae-

539 3794 650 3856 donicis
663 3790 787 3850 bostium
804 3790 1017 3853 incursionibus
1036 3797 1212 3861 Britanniam
1229 3808 1340 3870 salvam
1366 3816 1444 3880 lecit.
1466 3822 1502 3881 Et
1527 3827 1595 3887 dum

539 3884 706 3944 universum
719 3898 844 3961 reguum
863 3883 999 3943 atrociter
1016 3884 1246 3973 impugnaretur,
1257 3912 1286 3957 et
1299 3900 1444 3967 bellorum
1459 3916 1596 3991 asperitas

539 3998 557 4035 a
573 3972 746 4034 Normannis
758 3985 788 4039 et
800 3972 889 4033 Gallis
908 3975 1057 4035 mollitiem
1075 3985 1211 4061 corporis
1227 4001 1257 4047 et
1279 3993 1368 4055 animi
1386 3997 1519 4063 inertiam
1547 4006 1596 4067 ab·

539 4066 664 4136 dicaret,
681 4074 767 4138 atque
781 4061 918 4121 diurnum
933 4065 977 4123 rei
994 4065 1124 4129 militaris
1141 4070 1326 4154 exercitium,
1344 4082 1444 4145 induta
1459 4088 1527 4151 ferri
1540 4094 1594 4153 du-

539 4154 615 4224 stria,
632 4149 764 4231 egregios
775 4162 950 4229 pugnatores
963 4151 1113 4215 decuserat
1125 4206 1133 4235 ‚
1146 4161 1235 4224 infida
1248 4171 1384 4231 securitas
1394 4177 1483 4235 armis
1505 4183 1596 4243 soluta

539 4240 705 4305 Batonibus
717 4238 873 4319 voluptatis
891 4239 1047 4301 licentioris
1063 4257 1091 4303 et
1115 4250 1201 4310 rebus
1219 4260 1364 4337 prosperis
1382 4260 1459 4325 laute
1478 4268 1595 4331 fovendi

539 4328 673 4391 fiduciam
693 4327 848 4408 concessit,
864 4348 899 4387 ac
916 4330 1006 4389 otium
1027 4332 1104 4394 iners
1117 4336 1208 4399 robur
1224 4348 1353 4425 corporis
1377 4365 1406 4411 et
1427 4354 1516 4417 animi
1534 4360 1596 4421 rir-

540 4428 630 4484 rutem
655 4416 688 4478 in
709 4414 848 4500 desidiam
872 4416 968 4477 cordis
994 4421 1166 4485 muliebrem
1186 4428 1317 4497 adduxit.
1340 4464 1353 4489 ι
1378 4446 1505 4505 Assertio
1524 4452 1597 4511 Nor.

538 4506 676 4580 mmo,
694 4504 714 4565 t.
730 4510 761 4582 1,
775 4524 803 4566 ι.
818 4526 848 4584 ι,
864 4511 917 4567 ιιι.
935 4506 1010 4569 sibl.
1023 4514 1109 4595 imp,
1124 4522 1157 4573 ιι·
1172 4520 1261 4597 stas,
1276 4524 1296 4587 f.
1314 4528 1352 4591 a*
