3892 5892
734 859 846 918 nuru
864 861 1034 932 Quurus.
1361 867 1419 923 rer

367 981 413 1056 de
428 981 576 1056 ecclesio
591 980 786 1057 Morinemi
809 981 855 1054 nd
876 983 1133 1079 trajectensem
1148 1003 1377 1082 promerent
1388 993 1418 1079 ⁸,

366 1097 503 1170 nollent
526 1097 764 1194 Trajeeteuees
790 1097 965 1196 recipere,
996 1112 1035 1168 ut
1060 1121 1122 1170 eos
1148 1099 1195 1172 nd
1219 1103 1421 1198 parendum

366 1215 573 1316 apostolicis
587 1215 760 1308 decretis,
776 1216 833 1287 rel
847 1216 920 1286 cuis
936 1215 1060 1312 potius
1074 1215 1275 1324 deeideriic,
1295 1220 1421 1292 sicum

366 1355 455 1429 paee
470 1330 626 1424 nollent,
643 1331 776 1403 invitos
799 1344 836 1408 et
855 1331 1032 1404 coercitos
1050 1329 1255 1406 adduceret.
1280 1333 1422 1408 Electus

368 1472 498 1546 nempe
514 1473 608 1520 unus
624 1447 737 1522 lueret
760 1448 970 1546 prepositus
998 1447 1157 1543 ejusdem
1174 1447 1351 1538 ecclesiae,
1376 1473 1417 1522 ex

367 1565 514 1660 nunqua
523 1564 688 1662 prosapie
699 1562 932 1634 dominorum
949 1561 1041 1634 illius
1052 1576 1164 1652 term,
1179 1579 1420 1660 cognomento

367 1677 555 1768 Brernlet
581 1679 639 1748 cui
658 1678 896 1774 trajectenses
919 1691 955 1748 et
970 1677 1136 1750 Frisnner
1153 1677 1305 1750 multum
1321 1678 1421 1752 vide-

367 1791 499 1864 bantur
517 1791 775 1864 benevolente
788 1817 831 1864 ac
856 1791 985 1864 favens
1000 1791 1221 1890 impendere.
1243 1797 1333 1864 Cum
1356 1817 1419 1866 au-

367 1922 441 1979 tem
459 1906 507 1978 de
522 1906 679 1978 adventu
694 1908 805 2004 ipsius
820 1906 989 2004 Delphini
1011 1906 1107 1978 idem
1127 1909 1421 2004 Burgundionum

367 2022 441 2094 dux
456 2023 495 2093 in
511 2023 637 2114 Frisia,
654 2022 716 2094 ubi
732 2021 876 2120 egebat,
896 2023 1026 2093 certior
1042 2022 1161 2094 luisset
1174 2024 1303 2117 sactus,
1319 2051 1420 2098 man-

368 2136 466 2208 davit
480 2161 563 2210 eum
580 2139 681 2209 omni
696 2162 779 2211 cum
795 2139 936 2210 honore
951 2149 1060 2235 atque
1077 2136 1297 2216 humanitate
1312 2142 1422 2240 recipi

368 2277 433 2348 per
447 2277 532 2323 suos
546 2265 584 2324 et
597 2253 762 2342 tractari,
775 2267 811 2325 et
822 2269 863 2325 ut
877 2254 954 2350 ejus
969 2252 1125 2324 reditum
1138 2253 1184 2325 de
1202 2255 1309 2329 Frisin
1324 2258 1421 2355 apud

368 2367 567 2478 Drurellnm
596 2370 821 2467 operiretur,
854 2369 1068 2466 interimque
1093 2367 1159 2441 eibi
1188 2395 1422 2471 quaecumque

367 2469 445 2556 uon
476 2485 589 2556 modo
619 2485 839 2577 necescitati,
867 2485 931 2556 ced
956 2484 1131 2582 voluptati
1158 2509 1234 2557 esse
1256 2504 1418 2585 poscent,

368 2600 586 2699 amplissime
600 2601 803 2673 ministrari.

417 2717 651 2791 Postmodum
668 2741 753 2789 vem
769 2740 931 2790 reremus
943 2715 1040 2788 idem
1056 2715 1130 2787 dur
1152 2715 1198 2786 de
1215 2715 1344 2808 Priola,
1365 2741 1422 2790 re-

367 2831 435 2906 bus
464 2857 532 2932 pro
557 2831 688 2930 quibus
716 2831 779 2903 illo
808 2830 921 2904 luemt
947 2829 1128 2928 proiectus
1152 2831 1359 2928 compositis
1386 2846 1420 2903 et

367 2947 540 3048 peractis,
562 2973 648 3020 cum
671 2961 852 3020 tantorum
874 2945 1095 3019 exhibitione
1115 2945 1297 3018 bonorum
1321 2971 1421 3020 eum·

368 3065 452 3139 dem
464 3064 654 3136 (lominum
670 3062 887 3160 Delphinum
903 3064 1041 3161 excepit
1057 3076 1093 3134 et
1105 3064 1279 3136 reveritus
1296 3079 1365 3154 est,
1383 3078 1423 3136 ut

367 3203 444 3250 non
468 3177 570 3248 incile
585 3178 728 3250 mortali
744 3177 849 3248 alicui
869 3178 1021 3274 principi
1039 3177 1213 3274 ampliora
1230 3179 1310 3273 quis
1324 3179 1424 3252 exhi-

368 3294 455 3366 bere
469 3308 603 3392 posset.
622 3297 705 3364 Erat
718 3293 816 3362 enim
832 3305 959 3362 natura
978 3291 1188 3388 magnificus
1202 3305 1238 3362 et
1254 3291 1424 3368 honesta-

369 3411 431 3500 tis,
449 3424 528 3481 tum
545 3409 593 3481 nd
608 3431 734 3480 omnes
758 3423 836 3479 tum
857 3409 1010 3480 maxime
1026 3408 1072 3480 nd
1094 3431 1244 3503 mugnus
1267 3421 1302 3479 et
1328 3411 1424 3484 illus·

370 3540 460 3617 trec,
479 3523 834 3611 observantissimum
859 3523 958 3595 unde
980 3545 1165 3620 nunquam
1185 3521 1232 3594 ad
1256 3525 1423 3598 eumdem

369 3639 558 3712 dominum
572 3637 792 3736 Delphinum
809 3639 875 3734 (eo
890 3635 992 3735 quod
1010 3637 1268 3736 primogenitus
1284 3637 1423 3712 domini

369 3757 423 3827 eui
448 3760 666 3828 Frnucorum
690 3754 781 3852 regis
805 3769 899 3842 eret,
918 3766 954 3825 et
978 3753 1059 3850 qui,
1078 3767 1219 3826 servato
1239 3758 1423 3830 communi

370 3871 499 3942 ordine
513 3884 669 3960 nnturae,
686 3868 846 3964 ejusdem
862 3867 973 3939 haeres
988 3883 1040 3959 et,
1064 3893 1128 3968 per
1145 3869 1237 3960 hoc,
1255 3871 1425 3947 dominus

370 4012 458 4059 suus
485 3987 624 4058 iuturus
656 3984 891 4084 sperabatur)
921 3985 1069 4056 accessit
1097 3986 1152 4057 vel
1182 3985 1323 4060 locutus
1353 4001 1421 4076 est,

371 4103 451 4184 uisi,
471 4125 555 4174 curn
568 4101 816 4200 genuflexione
828 4101 959 4199 praevia
974 4155 984 4190 ,
1002 4114 1109 4199 caput
1127 4102 1235 4174 etiam
1249 4102 1423 4174 nullatum

371 4215 528 4288 haberet.
545 4215 774 4293 Existimabnt
790 4217 887 4288 cuim
898 4273 910 4302 ‚
920 4217 1020 4312 juxta
1036 4218 1246 4328 sententiam
1266 4217 1425 4316 philoco-

411 4483 442 4540 l.
461 4477 621 4550 Dorida
585 4481 621 4538 όν
623 4483 697 4557 eque
711 4479 878 4554 uffutmtu
891 4497 950 4541 emt
941 4477 1128 4557 perticulier
1141 4477 1178 4538 ‹te
1190 4477 1312 4542 rhome
1326 4483 1421 4540 Burin.

412 4571 441 4625 Ξ
465 4565 577 4626 Gitbcn
590 4569 626 4626 de
639 4574 693 4626 Bru
687 4571 741 4628 ·dc1
742 4569 811 4628 ude
