3892 5892
738 926 849 985 cmm
868 915 1040 1001 omarus.
1360 934 1414 991 ast

363 1065 405 1116 ac
421 1043 488 1142 piis
500 1058 535 1118 et
551 1046 691 1120 devotis
703 1049 865 1123 Ecclesiae
882 1052 1203 1152 supplicationibus
1219 1053 1415 1154 indigeret:

363 1157 460 1231 unde
488 1184 556 1232 nec
580 1161 728 1235 feliciter
750 1189 817 1238 nes
843 1165 955 1239 fauste
980 1168 1047 1240 sibi
1072 1193 1149 1241 rem
1171 1193 1419 1268 processuram

362 1273 598 1366 existimaret,
619 1278 650 1350 si
666 1303 783 1353 sacras
798 1282 1025 1355 ecclesiarum
1047 1287 1217 1383 pecunias
1234 1288 1336 1386 (quae
1349 1289 1421 1360 usi·

362 1385 430 1459 bus
458 1392 565 1464 sacris
589 1408 625 1466 et
650 1418 833 1468 servorum
860 1398 927 1469 Dei
953 1422 996 1471 ac
1019 1423 1218 1499 pauperum
1244 1403 1420 1477 alimoniae

363 1503 538 1603 deputatu
561 1507 731 1607 luissent)
747 1511 785 1582 in
810 1512 980 1610 profanos
1004 1539 1089 1587 usus
1113 1539 1320 1612 guerrarum
1339 1541 1420 1592 sua·

362 1645 442 1693 rum
457 1639 700 1718 converterem
717 1651 783 1700 nec
794 1628 960 1726 expedire
974 1629 1041 1702 sibi
1053 1631 1154 1728 quod
1162 1631 1249 1705 tales
1262 1635 1422 1731 pecuniae

362 1739 436 1810 suis
448 1743 758 1838 permiscerentur.
778 1745 904 1834 Unde,
919 1744 1000 1818 licet
1014 1761 1090 1819 tum
1109 1747 1156 1820 ad
1176 1772 1320 1844 guerras
1340 1775 1422 1824 suas

361 1853 597 1952 perficiendas
618 1881 747 1954 magna
769 1859 977 1932 necessitate
994 1861 1228 1958 pecuniarum
1249 1863 1421 1935 constric-

363 1983 420 2041 tus
438 1971 544 2042 luerit
564 1973 635 2067 (ita
651 1987 691 2044 ut
713 1971 760 2044 ad
782 1987 925 2047 mutuas
949 1976 1206 2072 exquirendas,
1226 1979 1421 2076 praesertim
1465 2053 1468 2062 λ

363 2083 409 2156 ab
433 2088 632 2184 argentario
653 2112 721 2161 suo
743 2087 879 2162 Jacobo
901 2090 1048 2182 Cordis,
1069 2091 1208 2189 dequo
1233 2117 1341 2192 supra
1364 2117 1422 2166 re·

364 2199 531 2292 tulimus,
557 2202 663 2276 suerit
689 2204 756 2276 sibi
780 2207 1019 2279 necessarium
1045 2207 1272 2306 pervenire),
1302 2222 1421 2281 tamen

364 2340 431 2388 nec
457 2317 621 2390 ecclesias
645 2320 745 2415 regni
774 2319 846 2409 sui,
878 2344 946 2393 nec
973 2321 1226 2394 ecelesiasticas
1251 2345 1423 2422 personas

361 2431 484 2530 aliquo
515 2432 715 2507 collationis
747 2434 804 2508 vel
836 2437 1032 2510 exactionis
1064 2461 1213 2511 munere
1243 2441 1419 2511 oneravit.

362 2547 433 2620 Sed
472 2561 508 2621 et
543 2573 626 2623 cum
658 2548 876 2647 aliquando,
913 2565 1104 2649 postquam
1139 2549 1185 2624 ab
1219 2547 1423 2624 infidelibus
1499 2646 1504 2655 Ι

363 2662 449 2735 urbs
465 2663 815 2762 Constantinopolis,
827 2665 940 2736 totius
955 2665 1137 2739 orientalis
1154 2667 1342 2763 quondam
1357 2665 1423 2738 im·

361 2779 452 2876 perii
476 2779 578 2854 sedes
599 2795 636 2852 et
658 2782 787 2879 ca'put,
809 2773 904 2880 prob
929 2780 1060 2859 dolor!
1087 2797 1193 2882 capta
1213 2781 1424 2881 direptaque

363 2895 506 2989 luisset,
532 2901 715 2972 Romanus
734 2897 895 2997 pontifex
912 2896 960 2970 ab
975 2897 1131 2971 ecclesiis
1149 2913 1185 2972 et
1200 2897 1298 2974 clero
1324 2899 1425 2996 regni

362 3026 398 3083 et
417 3012 658 3112 Ilelpbioatus-
674 3013 850 3086 decimam
868 3015 1032 3087 omnium
1054 3029 1297 3115 proventuum
1312 3014 1424 3088 eccle·

363 3125 586 3196 siasticorum
597 3139 823 3223 exposceret,
839 3125 889 3197 ob
902 3148 1056 3223 eantque
1068 3153 1143 3200 reru
1161 3127 1424 3226 exsequendam

364 3238 555 3331 lllanum¹,
581 3238 801 3312 cardinalem
824 3241 1107 3313 avenionensem
1132 3242 1240 3339 vulgo
1262 3241 1422 3343 appella·

364 3370 456 3439 tum,
470 3354 676 3450 adregnum
686 3353 913 3440 destinasset,
926 3355 989 3451 qui
1000 3379 1073 3426 non
1089 3355 1287 3428 secundum
1304 3372 1424 3430 taxans

364 3469 423 3542 rel
440 3469 638 3542 secundum
659 3493 785 3542 verum
805 3469 963 3542 valorem
983 3468 1240 3544 beneficiorum
1259 3472 1425 3546 eamdem

362 3586 482 3660 levare
498 3599 534 3658 et
545 3585 714 3683 colligere
726 3583 926 3658 conabatur
943 3583 1068 3684 (quod
1094 3585 1230 3659 clerum
1246 3588 1347 3684 regni
1370 3587 1426 3662 sui
1516 3649 1522 3658 .
1611 3648 1616 3657 .

364 3701 488 3776 multis
510 3703 720 3800 magnisque
742 3699 913 3774 molestiis
929 3714 966 3772 et
983 3699 1229 3774 vexationibus
1255 3701 1426 3776 involvis-

363 3820 459 3916 set),
476 3843 499 3892 a
514 3817 665 3918 praelatis
679 3831 716 3890 et
731 3818 830 3890 clero
851 3817 1079 3890 Normanniae
1099 3816 1144 3890 ad
1161 3815 1231 3890 hoo
1247 3817 1426 3891 advisatus

364 3951 401 4009 et
412 3950 579 4032 rogatus,
596 3958 671 4007 non
683 3934 770 4007 alias
780 3931 990 4030 hujusmodi
1005 3932 1183 4006 decimam
1199 3934 1235 4004 in
1251 3937 1428 4008 Norman·

365 4051 425 4123 nia
438 4049 546 4124 levari
560 4049 743 4148 permisit,
761 4071 871 4147 quam
887 4046 1085 4120 secundum
1102 4060 1218 4120 taxum
1235 4072 1310 4121 non
1332 4062 1428 4121 vete·

364 4189 442 4238 rem
459 4166 522 4238 sed
538 4164 737 4238 reductam.
764 4167 818 4236 De
842 4187 916 4260 qua
942 4187 980 4234 re
1003 4163 1129 4250 etiam,
1150 4176 1185 4235 et
1206 4160 1305 4260 quod
1327 4163 1429 4237 aliter

349 4279 477 4394 'levari
494 4281 640 4354 minime
656 4277 825 4371 deberet,
845 4275 1028 4376 privilegia
1042 4275 1238 4378 apostolica
1252 4273 1321 4350 sibi
1333 4277 1430 4354 erhi-

409 4541 439 4599 l.
462 4539 546 4598 Alrin
564 4537 602 4599 de
619 4539 751 4619 Coetiry,
774 4537 887 4616 ireque
906 4534 1083 4617 d’dvignun.
1106 4539 1147 4598 la
1168 4536 1294 4620 legation
1317 4536 1389 4598 dont
1411 4536 1432 4596 it

371 4642 418 4692 est
431 4631 566 4710 question
578 4630 615 4690 ici
628 4643 679 4690 eut
693 4629 753 4689 lieu
764 4647 802 4688 eu
817 4629 906 4686 llbd.

451 4750 463 4787 r
1232 4727 1267 4784 2l
