3892 5892
502 850 540 906 96
787 849 1045 909 ntsroultuuu
1065 848 1200 908 cauom
1220 852 1273 907 VII
1357 856 1362 863 ’

501 974 640 1049 tamdiu
656 989 730 1071 tam
743 978 960 1051 Francorum
977 998 1087 1071 quam
1101 972 1399 1072 Burgundionum
1423 978 1564 1051 animos

500 1091 719 1193 possederat,
733 1104 774 1163 ut
788 1090 916 1163 exinde
926 1090 1036 1163 totius
1048 1113 1149 1188 paene
1164 1090 1267 1188 regni
1276 1091 1373 1164 uires
1387 1094 1513 1169 attritae
1528 1109 1565 1167 et

500 1208 712 1309 deperditae,
728 1207 910 1306 ipsiusque
926 1204 1044 1277 totalis
1058 1228 1159 1304 paeue
1176 1205 1322 1277 vastitas
1338 1221 1374 1279 et
1389 1207 1563 1283 desolatio

500 1338 693 1398 consecuta
718 1336 851 1413 essent,
879 1346 955 1393 sese
984 1318 1170 1393 reflectens
1194 1334 1231 1392 et
1255 1319 1438 1420 applicans
1466 1324 1564 1397 idem

500 1440 575 1513 dux
591 1438 783 1529 Borbonii;
802 1435 909 1510 simul
928 1436 1036 1509 etiam
1052 1448 1093 1508 ut
1109 1434 1177 1507 sibi
1194 1437 1368 1537 terrisque
1384 1439 1458 1511 suis
1473 1465 1562 1512 cou-

499 1557 650 1647 suleret,
684 1579 773 1653 quas
806 1566 933 1626 contra
964 1550 1264 1650 Burgundionum
1297 1554 1389 1627 vires
1419 1554 1563 1629 difficile

497 1674 606 1747 tutari
634 1671 830 1772 potuisset,
862 1669 993 1741 Carolo
1025 1668 1101 1765 regi
1123 1669 1299 1767 persuasit
1322 1684 1381 1763 ut,
1405 1696 1472 1769 pro
1497 1696 1562 1745 sua

498 1790 670 1887 regnique
694 1788 802 1859 totius
829 1784 978 1858 utilitate
1006 1786 1245 1884 permaxima,
1272 1784 1318 1858 ad
1340 1784 1378 1857 id
1400 1788 1562 1859 animum

497 1904 684 1977 intendere
701 1901 808 1975 vellet
825 1916 877 1992 ut,
900 1902 982 1974 licet
998 1925 1098 1993 sere,
1117 1900 1337 1999 quandoque
1356 1917 1477 1975 tamen
1498 1904 1561 1977 de·

498 2018 710 2115 solatissimo
735 2042 847 2115 regno
872 2017 918 2114 de
934 2016 1057 2113 aliquo
1084 2018 1182 2115 pacis
1206 2016 1368 2089 remedio
1396 2020 1561 2093 consule·

497 2149 608 2207 retur.
642 2134 726 2207 Dies
758 2134 878 2231 itaque
912 2134 1126 2205 constitutus
1155 2132 1328 2230 locusque
1354 2134 1562 2207 Atrebatum

496 2265 717 2350 acceptatus,
734 2250 781 2323 ad
801 2275 911 2349 quem
931 2250 1039 2347 legati
1057 2244 1167 2345 regis,
1184 2274 1268 2321 cnm
1288 2248 1413 2346 legatis
1429 2252 1562 2348 Anglo-

496 2394 578 2442 rum
593 2370 744 2468 ipsoque
764 2366 1061 2465 Burgundionum
1083 2366 1193 2459 duce,
1212 2364 1259 2437 ad
1274 2366 1501 2441 tractandum
1515 2369 1562 2443 de

496 2510 586 2585 pace
602 2509 676 2558 una
692 2486 940 2563 convenirent.
960 2482 1015 2555 td
1029 2482 1226 2555 condictos
1249 2496 1371 2556 autem
1395 2498 1431 2555 et
1453 2484 1563 2561 desti·

497 2618 603 2675 natos
625 2604 748 2676 locum
769 2617 805 2675 et
826 2601 924 2674 diem
948 2613 1196 2673 convenerimt
1213 2598 1318 2698 legati
1334 2601 1454 2674 Caroli
1468 2604 1562 2700 regis

497 2699 736 2808 Francorum,
751 2717 916 2817 praefatus
933 2715 1104 2788 Borbonii
1117 2712 1208 2806 dux,
1222 2717 1372 2789 comites
1384 2720 1562 2791 Dunensis

497 2848 533 2906 et
547 2832 838 2919 vindocinensis,
855 2856 938 2903 cum
955 2830 1119 2929 pluribus
1135 2830 1212 2903 aliis
1225 2831 1310 2903 viris
1326 2834 1464 2930 magnis
1486 2848 1560 2907 tam

496 2942 722 3023 ecclesiastici
739 2946 876 3019 ordinis
900 2939 1010 3045 quam'
1030 2946 1205 3019 saecularis
1221 2963 1348 3042 status,
1366 2974 1452 3026 cum
1468 2965 1560 3025 trac·

497 3064 620 3155 tandi,
660 3062 907 3162 componendi
951 3061 1236 3161 pacificandique
1279 3090 1362 3137 cum
1399 3067 1561 3166 partibus

497 3182 656 3280 utrisque
669 3195 740 3253 tam
757 3180 955 3277 anglorum
968 3205 1079 3279 quam
1089 3182 1386 3279 Burgundionum
1402 3184 1572 3283 plenaria·

495 3310 681 3397 potestate.
711 3300 1000 3395 Comparuerunt
1022 3310 1058 3369 et
1079 3295 1150 3367 illic
1173 3294 1298 3395 plures
1321 3299 1500 3399 principes
1524 3315 1561 3372 et

495 3413 629 3513 praelati
645 3413 747 3509 regni
764 3412 909 3509 Angliae,
926 3413 1009 3508 jura
1033 3413 1069 3483 in
1093 3436 1205 3510 regno
1226 3416 1445 3486 Francorum
1469 3440 1559 3514 prae-

495 3545 596 3602 tensa
614 3522 781 3627 suasque¹
791 3543 927 3626 partes,
945 3544 987 3602 ut
1002 3528 1130 3601 melius
1145 3544 1310 3627 possent,
1328 3534 1559 3604 serratoriae

493 3646 687 3719 defensuri.
1314 3634 1318 3639 ’

543 3765 581 3832 ln
612 3759 757 3860 propria
786 3772 907 3831 autem
937 3782 1095 3856 persona
1121 3758 1224 3833 affuit
1252 3760 1324 3835 illic
1352 3763 1555 3865 Philippus,

493 3876 790 3974 Burgundionum
804 3873 896 3965 dux,
915 3898 1001 3945 cum
1014 3874 1135 3949 multis
1152 3877 1380 3976 praelatorum
1401 3894 1437 3953 et
1459 3883 1558 3981 prin·

492 3995 613 4092 cipum
634 3992 868 4085 virorumque
887 3988 1064 4062 nobilium
1087 4006 1124 4063 et
1146 3996 1348 4092 potentium
1367 3998 1558 4095 magnifico

492 4110 685 4198 comitatu,
710 4107 747 4179 in
771 4104 930 4179 donariis
952 4120 1060 4204 atque
1080 4108 1249 4207 impensis
1273 4125 1310 4182 et
1331 4114 1559 4212 apparatibus

491 4226 597 4298 variis
616 4222 795 4320 magnifici
812 4223 983 4324 principis
998 4222 1170 4298 exhibens
1182 4228 1417 4324 majestatem.
1439 4230 1557 4303 Atine-

427 4328 431 4337 ’
491 4354 576 4411 runt
589 4355 625 4411 et
638 4340 684 4415 ad
698 4353 919 4413 conventum
936 4338 1039 4410 illum
1055 4341 1343 4415 reverendissimi
1359 4369 1402 4419 ac
1417 4346 1559 4445 praecla-

492 4454 619 4527 rissimi
637 4456 718 4549 viri,
735 4454 883 4528 scientia
896 4453 1162 4553 virtutibusque
1174 4457 1360 4557 insigniter
1375 4462 1554 4555 adornati,

491 4569 682 4645 cardinalis
693 4574 831 4646 Sanctae
839 4572 976 4667 Crucis,
991 4574 1224 4649 Canmieusis
1238 4576 1371 4675 regniae
1383 4593 1420 4653 et
1432 4579 1557 4653 obser-
