3892 5892
764 957 1063 1030 manumissus.
1371 955 1427 1012 sor

375 1083 495 1167 retur,
527 1075 730 1152 iecitidem
755 1080 920 1173 Carolus,
946 1085 1165 1152 Francorum
1193 1103 1278 1168 rex,
1305 1078 1430 1154 edictis

373 1190 526 1288 publicis
544 1217 608 1292 per
628 1195 762 1294 oppida
779 1197 957 1269 maritima
976 1210 1012 1267 et
1029 1195 1187 1268 civitates
1204 1197 1430 1269 Normanniae

374 1307 599 1405 proclamari,
614 1326 791 1409 quatenus
806 1337 932 1385 omnes
947 1311 1015 1385 sibi
1032 1311 1161 1384 subditi
1177 1311 1331 1408 benigne
1347 1314 1431 1385 reci·

373 1435 499 1520 pereat
513 1437 549 1493 et
565 1437 756 1498 tractarent
771 1451 813 1498 ex
836 1425 957 1524 Angiia
977 1425 1224 1514 advenientes,
1243 1428 1305 1522 qui
1319 1426 1429 1498 bene·

373 1537 566 1629 volentiam
578 1555 613 1611 et
628 1541 776 1637 gratiam
787 1543 843 1613 sui
858 1542 949 1637 regis
962 1542 1104 1614 Henrici
1116 1566 1153 1613 se
1164 1540 1297 1614 habere
1309 1555 1429 1614 osten-

372 1651 521 1739 derent,
550 1656 672 1753 eisque
699 1672 734 1728 et
758 1655 889 1746 rebus,
917 1681 1160 1756 quascumque
1186 1656 1426 1744 adveherent,

373 1767 463 1842 tiber
491 1771 668 1869 ingressus
692 1787 799 1870 atque
821 1774 989 1845 transitus
1013 1799 1078 1873 per
1104 1788 1249 1872 portus,
1271 1773 1430 1844 civitates

372 1899 479 1982 atque
501 1885 636 1984 oppida
657 1888 812 1960 Franciae
832 1886 1061 1985 preberetur.
1085 1892 1123 1959 ln
1146 1913 1221 1986 quo
1247 1911 1330 1960 curn
1355 1911 1428 1958 non

373 2025 500 2098 parum
516 2001 646 2079 favoris
662 2017 697 2074 et
713 2005 830 2075 solatii
852 2005 920 2101 ipsi
941 2005 1014 2102 regi
1040 1987 1195 2075 Henrico
1212 2017 1376 2102 praestare
1392 2027 1430 2074 se

373 2115 614 2206 arbitraretur,
626 2133 802 2216 quantum
820 2133 940 2191 tamen
960 2118 1152 2218 praejudicii
1170 2133 1277 2217 atque
1288 2119 1432 2215 jacturae

373 2229 409 2300 id
426 2232 459 2303 ei
475 2232 694 2331 important,
714 2250 962 2333 quantumque
977 2260 1000 2306 a
1018 2259 1055 2306 se
1072 2233 1230 2306 favorem
1248 2235 1429 2332 anglicani

372 2344 495 2440 populi
519 2345 747 2438 abalienarit,
768 2347 929 2446 proiecto
951 2371 1031 2444 quae
1053 2345 1239 2442 evestigio
1261 2345 1431 2418 adversus

372 2481 456 2528 eum
466 2459 593 2532 seditio
604 2462 642 2532 in
652 2461 775 2558 Anglia
787 2464 965 2534 concitata
976 2459 1248 2550 est,luculenter
1259 2460 1426 2533 ostendit.

372 2575 559 2648 Sumentes
574 2578 671 2648 enim
688 2577 772 2650 inde
794 2578 928 2677 praefati
946 2578 1020 2650 dux
1047 2575 1215 2666 Eboraci,
1236 2599 1357 2646 comes
1383 2576 1443 2668 de,

298 2754 302 2764 ,
374 2692 544 2762 Warnich
583 2706 618 2764 ct
654 2717 799 2764 suarum
832 2693 987 2791 partium
1020 2689 1170 2762 studiosi
1205 2690 1430 2762 occasionem

372 2804 582 2878 seducendae
604 2792 735 2906 plebis,
751 2807 989 2906 suggerebant
1009 2821 1064 2896 et,
1084 2804 1301 2903 ubicumque
1326 2820 1431 2904 pote-

372 2933 473 3007 rant,
500 2921 808 3014 disseminabant,
835 2922 1029 2994 Heuricum
1056 2944 1175 3016 regem
1200 2919 1281 3016 jura
1311 2911 1430 3016 t'ngti-

371 3058 468 3106 canae
484 3061 627 3110 coronae
641 3039 678 3109 in
692 3039 750 3110 his
758 3036 912 3134 juribus,
928 3062 1007 3135 quae
1024 3035 1248 3136 praeteudunt
1264 3035 1300 3108 in
1319 3059 1429 3132 regno

371 3153 527 3223 Francia
542 3169 578 3226 et
600 3153 788 3226 ducatibus
803 3154 1030 3226 Normanniae
1048 3167 1081 3227 et
1108 3152 1318 3250 Aquitaniae,
1339 3151 1429 3224 vetle

371 3265 546 3357 alienare3
574 3283 609 3340 et
636 3268 682 3340 de
706 3267 818 3356 sacto,
844 3265 1142 3364 promissionibus
1174 3265 1272 3338 sactis
1300 3264 1346 3336 de
1369 3291 1428 3337 ce·

371 3379 493 3452 dendo
515 3397 550 3454 et
570 3382 811 3456 renuntiando
834 3381 988 3472 eisdem,
1005 3382 1080 3477 J'am
1104 3406 1186 3452 cum
1209 3385 1427 3454 Francorum

372 3521 454 3594 rege
476 3499 648 3571 amicitias
670 3498 878 3598 copulasse3
901 3513 958 3590 et,
983 3522 1048 3596 per
1069 3497 1155 3588 hoc,
1185 3497 1283 3592 regni
1305 3496 1430 3595 prodi-

370 3627 485 3686 torem
518 3616 772 3714 potiusquam
799 3615 995 3711 legitimum
1027 3637 1064 3684 se
1095 3635 1216 3710 regem
1244 3611 1424 3686 exiribere.

371 3729 510 3818 Quibus
531 3729 814 3825 suggestionibus
839 3730 965 3829 populi
989 3726 1168 3823 Angiicaui
1192 3725 1346 3824 impletis
1368 3751 1429 3798 au·

372 3845 489 3935 ribus,
506 3846 640 3946 praeiati
652 3846 725 3919 dux
743 3862 778 3918 et
793 3871 914 3918 comes
931 3854 1077 3942 magnas
1093 3841 1216 3914 turbas
1235 3866 1298 3938 per
1310 3857 1428 3914 totum

371 3985 520 4056 regnum
546 3961 678 4059 Angliae
702 3960 872 4034 adversus
903 3961 1099 4033 Hernicum
1124 3981 1245 4054 regem
1279 3956 1428 4029 seditio-

372 4098 506 4173 nesque
521 4076 836 4178 periculosissimas
851 4078 1090 4148 concitarunt.

421 4194 499 4288 ipse
510 4217 597 4266 vero
611 4195 785 4265 Henricus
800 4209 836 4264 et
852 4193 927 4288 ejus
939 4189 1084 4286 conjux,
1097 4187 1167 4260 filia
1181 4187 1318 4278 Reuati,
1329 4187 1427 4258 Sicu·

370 4301 488 4378 lorum
514 4311 619 4403 regis,
646 4310 772 4381 mulier
796 4309 955 4407 prudens
981 4321 1015 4378 et
1039 4305 1219 4388 animosa,
1243 4329 1326 4376 curn
1348 4304 1428 4401 piu·

371 4419 471 4492 ribus
500 4426 599 4520 regni
629 4424 849 4524 principibus
875 4422 1114 4522 periculosum
1140 4443 1259 4491 rerum
1282 4443 1427 4490 suarum

371 4551 503 4608 statum
519 4553 626 4636 atque
643 4541 834 4639 ancipitem
850 4539 1090 4636 inspicientes,
1110 4559 1153 4607 ex
1173 4534 1323 4608 adverso
1339 4559 1427 4606 con·

372 4653 491 4728 tractis
515 4651 675 4752 undique
698 4653 831 4726 viribus
853 4667 888 4727 et
911 4653 1086 4758 praecipue
1102 4649 1296 4726 nobilitatis
1313 4650 1425 4752 regni,
