3892 5892
744 908 855 969 uam
873 909 1046 984 QUINTUS.
1375 913 1431 974 315

376 1033 593 1132 postulatus,
615 1033 654 1104 iu
673 1057 853 1107 carcerem
876 1035 1004 1108 missus
1026 1037 1105 1108 est¹
1123 1057 1165 1108 ac
1185 1035 1250 1109 diu
1268 1035 1433 1114 detentus

375 1173 419 1229 ac
434 1163 592 1223 servatus
607 1150 646 1222 in
659 1163 775 1223 castro
792 1149 839 1224 de
852 1154 1028 1252 chsr'grren
1042 1153 1204 1226 Pictavire
1213 1155 1236 1224 ¹.
1255 1151 1309 1225 ld
1324 1173 1433 1252 quem

374 1267 517 1357 boum,
544 1291 611 1367 pro
636 1267 747 1366 ipsius
770 1289 939 1367 processu
964 1281 1001 1340 et
1025 1267 1344 1362 condemnatione,
1371 1293 1434 1342 rex

376 1407 547 1483 magnum
571 1384 822 1457 consistorium
844 1386 856 1422 ³
878 1385 1091 1458 convocavit
1119 1383 1245 1483 (quod
1269 1383 1434 1458 nonnulli

376 1501 506 1573 solium
537 1525 600 1574 seu
635 1499 790 1594 lectum,
820 1499 876 1572 rel
907 1514 1027 1574 torum
1050 1501 1193 1599 justitiae
1220 1501 1328 1598 vulgo
1363 1496 1433 1574 dici

376 1615 541 1714 volunt),
557 1616 594 1688 in
611 1642 705 1716 quo,
721 1615 905 1690 submissis
921 1615 1158 1710 delatoribus,
1182 1617 1245 1716 qui
1266 1614 1434 1690 eumdem

377 1734 615 1829 argentarium
638 1745 846 1804 accusarent
868 1731 968 1829 quod
991 1733 1027 1804 in
1050 1733 1122 1804 sois
1140 1731 1257 1828 galleis
1280 1751 1379 1806 arma
1400 1745 1436 1806 et

376 1868 513 1921 merces
531 1845 728 1948 prohibitas
743 1845 789 1918 ad
806 1845 969 1920 infideles
986 1845 1187 1940 detulisset,
1206 1846 1311 1921 simul
1328 1848 1434 1920 etiam

377 1963 656 2060 repetundarum
680 1986 762 2036 reos
786 1959 1044 2062 postulabatur,
1069 1976 1105 2036 et
1123 1963 1224 2063 quod
1245 1961 1436 2038 nonnullus

376 2079 546 2176 pecunias
570 2079 608 2150 in
635 2079 749 2179 patria
774 2079 979 2170 Occitaua⁶,
1005 2076 1067 2150 ubi
1092 2078 1435 2154 administrationem

376 2191 511 2291 largam
532 2192 723 2286 babuerat,
748 2193 869 2268 illicite
896 2218 939 2267 ac
964 2193 1087 2266 furtim
1113 2217 1134 2266 a
1159 2194 1437 2294 provincialibus

377 2310 591 2384 extorsisset.
627 2309 684 2382 Ob
709 2335 788 2409 quse
807 2323 842 2382 et
865 2307 1041 2383 nonnulla
1064 2308 1150 2400 alia,
1177 2333 1256 2408 quae
1281 2309 1437 2384 conficta

376 2425 423 2499 ab
443 2425 577 2499 aemulis
595 2427 843 2526 potiusquam
857 2450 942 2500 vera
959 2425 1158 2525 aplurimis
1176 2423 1433 2514 credebantur,

376 2542 486 2613 tacito
511 2541 685 2614 veneficio
713 2541 914 2643 praedicto,
937 2539 1272 2615 condemnatoriam
1293 2549 1435 2614 senteu-

376 2656 464 2728 tiam
478 2657 688 2757 reportavit.

262 2765 269 2774 ’
425 2773 516 2844 Com
539 2785 659 2845 autem
683 2771 747 2844 diu
765 2772 804 2843 iu
825 2768 923 2844 dicto
940 2783 1057 2844 castro
1078 2771 1201 2844 luisset
1219 2783 1433 2861 asservatus,

375 2887 540 2982 tandem,
565 2901 735 2990 corrupta
754 2887 938 2983 custodia,
962 2888 1047 2986 luga
1063 2889 1194 2980 evasit,
1222 2901 1257 2960 et
1282 2885 1438 2959 diversas

376 3007 415 3078 in
435 3005 582 3078 diversis
601 3006 702 3103 regni
725 3006 888 3107 partibus
911 3003 1077 3080 ecclesias
1096 3005 1293 3104 ingressus,
1315 3027 1437 3078 conse·

377 3122 529 3219 quendae
552 3122 786 3194 immunitatis
812 3145 941 3210 causa,
968 3121 1115 3194 tandem
1140 3121 1327 3219 cujusdam
1349 3143 1437 3192 con·

377 3249 505 3310 ventus
535 3241 698 3308 Fratrum
726 3237 908 3308 Minorem
945 3236 983 3306 in
1015 3235 1297 3328 Bello-Quadra,
1330 3256 1438 3334 supra

377 3351 474 3449 ripas
487 3349 651 3423 Rhodani
661 3353 687 3438 ⁸,
700 3351 783 3422 satis
799 3348 861 3422 diu
880 3348 1002 3423 accola
1018 3349 1099 3438 luit,
1117 3363 1153 3422 et
1169 3349 1278 3439 inibi,
1298 3351 1438 3422 vinctus
1530 3355 1539 3366 “

377 3466 500 3539 lemeis
521 3465 776 3564 compedibus,
800 3464 1010 3538 custoditus.
1039 3463 1109 3537 Sed
1135 3489 1219 3537 cum
1245 3465 1438 3562 quemdam

376 3583 446 3657 sibi
459 3582 703 3655 fidelissimum
719 3583 929 3655 servitorem
941 3581 1142 3673 habuisset,
1161 3594 1196 3654 et
1211 3581 1329 3680 ipsum
1347 3581 1439 3654 Bitu·

354 3787 359 3796 ,
378 3701 574 3791 rioeusem,
592 3697 823 3773 Guillelmum
846 3699 958 3770 Vario
972 3691 1228 3792 nominatum‘,
1246 3694 1345 3769 idem
1360 3715 1438 3768 ser-

420 3940 451 3996 t.
471 3935 565 4015 Apris
576 3953 630 3994 sou
642 3931 812 3993 mestation
822 3935 840 3992 l
852 3927 1053 4009 Taillebourg,
1066 3925 1095 3989 le
1108 3929 1142 3986 31
1152 3923 1248 4002 juillet
1257 3927 1348 3984 ttst.

419 4029 449 4085 2.
471 4029 513 4086 ta
525 4021 869 4101 cblteaudebusiguan,
885 4041 924 4082 eu
935 4019 1048 4080 soitou.

422 4118 450 4176 3.
472 4118 517 4179 En
530 4114 589 4176 mai
602 4117 693 4178 1453.

420 4204 451 4260 l.
473 4205 550 4262 Dans
562 4201 591 4263 le
602 4223 674 4284 pays
685 4200 723 4262 dc
735 4195 919 4279 languedoc.

421 4297 451 4353 5.
474 4293 628 4352 Reaucaire
642 4311 692 4352 sur
704 4291 732 4350 le
744 4290 857 4350 libone.

421 4380 451 4440 6.
473 4382 611 4441 L’auteur
632 4379 758 4440 confond
780 4379 818 4438 ici
838 4375 916 4437 deux
931 4390 1127 4458 personnages
1145 4373 1196 4455 qui
1215 4369 1439 4454 s'employirent

381 4473 399 4530 l
415 4470 443 4529 la
461 4469 626 4530 delivrauce
643 4469 680 4531 de
692 4475 816 4548 Jaoques
830 4471 928 4542 Coeor,
940 4463 1104 4530 Guillaume
1119 4462 1155 4525 de
1168 4469 1261 4544 Varye
1277 4475 1306 4522 et
1318 4467 1390 4522 Jcan
1402 4458 1438 4522 de

380 4558 503 4638 village.
518 4561 594 4618 C‘est
605 4562 678 4618 Jeau
691 4557 728 4618 de
740 4558 851 4638 Village
861 4557 914 4637 qui
926 4557 995 4617 ituit
1007 4556 1082 4616 natil
1090 4552 1126 4615 de
1139 4557 1268 4634 bourges
1279 4551 1368 4632 etqui
1382 4551 1439 4610 alla

381 4647 508 4732 prendre
531 4649 655 4726 Jrcques
677 4649 762 4708 (mur
786 4667 845 4708 aux
874 4646 1037 4709 Cordeliers
1060 4643 1097 4706 de
1124 4643 1289 4706 munire.
1317 4641 1387 4700 Voir
1410 4639 1438 4699 la
