3892 5892
486 860 527 918 ts
771 855 1029 917 msromasmt
1049 855 1257 944 mactum

486 982 587 1058 cardi
597 980 887 1076 exstinctionem,
898 1005 945 1054 eo
959 979 1061 1078 quod
1081 994 1181 1054 extra
1197 979 1420 1079 propositam
1433 979 1550 1052 inten-

486 1100 624 1173 tionem
638 1098 698 1192 sit,
713 1097 791 1172 aliis
805 1096 1044 1172 enarrandam
1060 1095 1308 1194 relinquimus.
1327 1101 1359 1169 ls
1376 1090 1549 1168 Henricus

486 1229 562 1289 erat
575 1229 654 1288 tum
666 1214 829 1313 juvenis,
854 1238 937 1286 acer
952 1213 1118 1310 ingenio,
1141 1211 1204 1284 sed
1221 1212 1344 1286 animo
1365 1235 1497 1309 magno
1514 1225 1550 1284 et

486 1333 627 1406 excelso
649 1331 777 1424 nimis,
794 1353 985 1428 germanos
1003 1327 1141 1402 hahens
1151 1343 1243 1421 tres,
1267 1327 1402 1400 scilicet
1417 1326 1547 1400 ducem

486 1448 686 1542 Betlordiae,
714 1448 845 1522 ducem
868 1446 1086 1536 Glocestriae,
1113 1459 1150 1519 et
1171 1444 1301 1520 ducem
1325 1443 1544 1538 Clarenciae¹,

486 1566 601 1666 quiet
616 1565 686 1662 ipsi
700 1562 831 1662 singuli
845 1561 981 1643 strenui
999 1575 1036 1635 et
1048 1559 1243 1661 prudentes
1258 1573 1373 1634 erant.

838 1878 1093 1952 CAPITULUM
1116 1879 1192 1948 vlt.

528 2081 650 2150 Qualiter
662 2083 812 2156 tngtomm
824 2099 871 2137 rex
884 2079 1198 2156 llareflutum'oppidum
1218 2079 1322 2162 obsedit
1334 2094 1361 2138 et
1372 2081 1497 2138 obtinuit.

533 2263 626 2334 Cum
643 2260 750 2358 igitur
760 2276 913 2356 reguum
922 2261 1155 2356 Francorum,
1169 2276 1210 2336 ut
1221 2261 1388 2354 diximus,
1400 2262 1546 2360 aggredi

483 2379 607 2452 animo
633 2375 829 2468 firmasset,
857 2391 894 2450 et
921 2377 1071 2452 classem
1100 2402 1268 2474 magnam
1304 2377 1409 2452 valde
1437 2394 1545 2477 atque

482 2497 678 2571 exercitum
686 2495 939 2569 exlectissimis
947 2497 1035 2570 viris
1045 2497 1278 2590 instruxisset,
1290 2521 1364 2569 non
1377 2478 1542 2596 amplius,

482 2631 523 2690 ut
538 2614 678 2706 lerunt,
704 2612 898 2687 duodecim
915 2628 978 2687 aut
994 2599 1203 2710 quindecim
1223 2612 1397 2705 millium,
1419 2627 1546 2712 praeter

483 2745 612 2806 nautas
639 2744 677 2802 et
699 2744 916 2802 mercatores
947 2730 1117 2802 exercitui
1145 2730 1408 2824 ministrantes,
1436 2730 1546 2806 fretus

483 2846 621 2920 auxiliis
636 2858 742 2942 atque
761 2843 894 2917 solatiis
907 2843 1010 2918 ducis
1024 2844 1336 2940 Burgundionum,
1354 2845 1458 2920 classi
1474 2873 1546 2922 suae

483 2960 562 3036 vela
581 2986 647 3061 per
663 2961 776 3034 altum
791 2959 894 3049 lecit,
918 2976 954 3034 et
971 2987 1014 3034 ex
1031 2976 1140 3062 portu
1158 2961 1205 3038 de
1222 2967 1458 3064 Hamptone',
1476 2991 1545 3065 op-

482 3077 797 3178 positoSequanae,
817 3076 864 3150 ad
879 3075 991 3150 finem
1006 3074 1167 3174 ejusdem
1184 3077 1341 3152 fluminis
1357 3079 1542 3180 applicuit,

379 3197 389 3208 '
482 3206 590 3289 atque
607 3191 786 3291 oppidum
808 3191 856 3266 de
876 3193 1028 3292 Harelltt
1050 3207 1143 3266 terra
1164 3193 1327 3292 marique
1342 3195 1460 3270 valida
1477 3195 1544 3268 ob·
1612 3259 1617 3272 .

482 3307 622 3381 sidione
638 3307 897 3405 circumdedit,
923 3333 1047 3385 mense
1066 3323 1237 3408 augusto,
1260 3325 1426 3385 currente
1445 3336 1542 3386 anno

483 3426 631 3498 Domini
644 3449 851 3499 mccccxv.

531 3542 734 3614 Munierant
748 3540 875 3613 Franci
887 3541 986 3616 idem
1004 3541 1198 3642 oppidtun,
1218 3561 1257 3618 ut
1272 3542 1398 3618 melius
1414 3559 1542 3645 potue·

484 3671 585 3750 rant;
620 3681 707 3730 nam
733 3658 816 3751 satis
837 3655 901 3728 diu
926 3671 1010 3730 ante
1038 3658 1112 3750 eis,
1138 3661 1185 3734 de
1205 3662 1317 3736 classe
1335 3675 1371 3734 et
1396 3660 1444 3734 de
1466 3660 1543 3736 eliis

483 3799 563 3873 quae
590 3773 639 3846 ad
660 3770 796 3845 bellum
818 3773 857 3844 in
881 3771 1006 3869 Anglia
1029 3774 1305 3875 adaptabantur,
1331 3793 1428 3852 certa
1448 3777 1543 3854 lama

481 3889 753 3991 percrebuerat3
773 3888 871 3962 unde
887 3890 926 3962 in
945 3891 1025 3988 ipso
1044 3893 1182 3991 oppido
1198 3921 1350 3993 magnus
1372 3921 1543 3971 numerus

482 4006 639 4081 militum
664 4019 700 4079 et
723 4003 901 4077 nobilium
920 4019 1023 4080 terrae
1059 4033 1127 4107 pro
1155 4013 1320 4108 prasidio
1346 4011 1542 4089 collocatus

481 4122 568 4216 luit,
586 4147 654 4223 pro
670 4121 779 4222 ipsius
794 4121 995 4209 munimine
1014 4147 1057 4196 ac
1074 4123 1295 4202 defensione.
1311 4126 1462 4202 Tamdiu
1477 4154 1541 4202 au·

483 4253 556 4314 tem
574 4240 716 4314 obsidio
742 4238 907 4314 obsessos
928 4241 1207 4336 constrinxerat,
1233 4258 1274 4318 ut
1291 4245 1384 4320 same
1400 4247 1538 4342 valida,

522 4426 552 4483 l.
564 4422 664 4524 John,
679 4421 832 4484 flamiried
848 4435 878 4482 et
888 4424 1013 4486 Thomas
1027 4425 1065 4486 de
1077 4429 1248 4502 Lanoastre,
1263 4427 1308 4489 lils
1323 4425 1426 4510 puines
1439 4431 1479 4491 du
1495 4434 1540 4494 roi

481 4515 794 4681 negilsldiithamptcn.
