3892 5892
546 931 604 990 298
828 927 1086 988 mstuttttnott
1105 927 1243 988 cauom
1263 929 1316 988 v11

545 1079 624 1151 quae
634 1053 741 1151 longe
755 1053 890 1149 majore
904 1079 948 1127 ex
965 1068 1065 1153 parte
1081 1055 1234 1126 ilenrico
1248 1055 1320 1151 regi
1335 1053 1502 1145 larebat,
1517 1073 1617 1124 exer-

545 1171 656 1242 citum
680 1169 839 1241 validum
859 1183 1070 1266 coegerunt3
1088 1193 1172 1241 cum
1189 1195 1263 1267 quo
1285 1169 1515 1244 adversarios
1532 1192 1618 1268 pro-

545 1298 756 1382 sequentes,
779 1286 895 1382 prima
918 1285 995 1355 vice
1019 1285 1057 1356 in
1085 1309 1206 1357 mense
1228 1285 1429 1381 januari0¹‚
1451 1281 1616 1356 secunda

545 1398 622 1470 vice
638 1396 674 1470 in
702 1422 823 1472 mense
841 1398 1056 1488 februarum,
1075 1412 1203 1472 contra
1227 1401 1323 1498 ipsos
1339 1401 1537 1472 seditiosos
1561 1397 1615 1468 di-

545 1517 739 1610 micarunt3
763 1517 801 1588 in
826 1515 956 1613 quibus
978 1509 1122 1588 duobus
1149 1517 1275 1614 praeliis
1297 1519 1475 1590 llenricus
1501 1531 1541 1588 et
1560 1516 1614 1586 sui

545 1634 649 1730 potiti
665 1645 750 1704 sunt
765 1631 929 1720 victoria,
952 1630 1036 1702 lusis
1060 1631 1225 1703 hostibus
1242 1645 1277 1703 et
1302 1632 1423 1703 multis
1450 1629 1613 1704 millibus

544 1771 587 1818 ex
603 1748 687 1845 ipsis
706 1746 940 1843 interemptis.
958 1745 1171 1819 Ceciderunt
1187 1747 1225 1819 in
1241 1747 1450 1843 hujusmodi
1464 1745 1612 1819 duobus

544 1862 672 1958 praeliis
689 1861 853 1960 praefatus
879 1861 1030 1932 Eboraci
1055 1861 1129 1934 dux
1156 1876 1191 1934 et
1219 1887 1340 1935 comes
1366 1863 1412 1936 de
1436 1860 1610 1936 Warviclt

544 1979 691 2066 senior’,
717 2001 779 2049 scu
803 1977 899 2074 capti
919 1977 957 2048 in
983 1977 1153 2051 conflictu
1180 1979 1369 2076 statimque
1388 1989 1474 2077 post
1493 1976 1609 2076 capite

546 2093 640 2190 plexi
655 2095 774 2164 suut⁸.

592 2207 732 2296 Quibus
747 2229 832 2279 cum
847 2208 1116 2281 londonienses
1131 2234 1214 2282 cum
1226 2209 1370 2308 populis
1382 2209 1521 2282 Cuntiae
1534 2207 1607 2278 lau·

545 2338 640 2395 tores
656 2325 888 2416 exstitissent,
907 2324 1036 2396 talibus
1051 2325 1212 2398 cladibus
1234 2326 1424 2423 susceptis,
1444 2322 1516 2424 ipsi
1535 2337 1608 2394 ten·

546 2454 665 2512 tarunt
676 2439 722 2513 ad
739 2441 831 2536 regis
846 2455 883 2511 et
898 2441 1027 2536 reginae
1044 2442 1194 2536 gratiam
1210 2439 1326 2512 redire
1335 2468 1345 2530 3
1364 2455 1400 2512 et
1416 2440 1464 2512 de
1482 2436 1608 2513 erratis

540 2556 725 2654 supplices
745 2557 886 2628 veniam
910 2557 1152 2655 postulantes,
1172 2554 1413 2628 obedientiam
1436 2569 1472 2626 et
1498 2551 1606 2624 fidem

545 2671 582 2740 in
610 2685 714 2743 antee
735 2670 998 2769 pollicebantur
1020 2671 1084 2770 [se]
1115 2670 1267 2744 fideliter
1294 2683 1512 2742 servaturos.
1538 2661 1607 2738 Sed

545 2810 627 2856 cum
644 2787 765 2882 regina
781 2787 893 2856 dandi
910 2785 1181 2882 indulgentiam,
1198 2809 1308 2882 quam
1325 2784 1515 2882 rogabant,
1532 2803 1603 2854 non

449 2914 453 2920 ·
544 2898 632 2969 nihil
652 2899 869 2971 difficultatis
889 2915 924 2971 et
945 2900 1196 2974 retardationis
1215 2901 1367 2991 laceret,
1394 2902 1470 2996 ejus
1497 2900 1603 2974 iidem

543 3013 669 3112 populi
695 3014 1020 3109 magnanimitatem
1048 3031 1154 3113 atque
1185 3017 1353 3090 sevitiam
1379 3029 1599 3099 metuentes,

544 3128 589 3199 de
603 3129 768 3226 cogendo
779 3131 908 3202 iterum
925 3131 1060 3229 majore
1076 3134 1246 3222 exercitu,
1257 3145 1293 3205 et
1308 3147 1467 3206 extrema
1481 3128 1602 3206 omnia

543 3248 782 3343 pertentando
806 3243 997 3321 consilium
1024 3265 1250 3349 acceperunt.
1274 3255 1403 3323 Fuerat
1424 3252 1522 3324 enim
1546 3270 1601 3320 ea·

543 3361 628 3434 dem
641 3366 775 3460 regina,
791 3366 829 3436 in
847 3367 922 3464 ipsa
940 3366 1207 3440 londoniarum
1224 3365 1329 3456 urbe,
1345 3391 1410 3466 per
1422 3368 1599 3464 juniorem

543 3482 713 3553 comitem
741 3482 787 3568 de
814 3483 984 3555 Warvielr
1015 3499 1049 3556 et
1082 3509 1167 3556 suos
1199 3483 1368 3574 asseclas,
1398 3483 1540 3582 probris
1568 3489 1600 3548 et

543 3596 769 3668 contumeliis
800 3599 1027 3669 atrocissimis
1054 3599 1242 3690 lacessita,
1272 3611 1306 3670 et
1336 3599 1488 3693 talibus,
1526 3613 1598 3695 que

543 3716 682 3786 animos
709 3715 883 3787 nobilium
910 3716 1138 3790 soemiuarum
1168 3717 1320 3790 maxime
1344 3717 1514 3814 injuriare
1542 3737 1597 3786 so·

543 3831 629 3904 lent.
654 3830 874 3904 Publiratum
893 3834 990 3904 enim
1007 3833 1043 3904 e't
1060 3835 1189 3932 passim
1208 3833 1253 3906 de
1274 3855 1316 3905 ea
1332 3833 1598 3909 disseminatum

586 4051 614 4104 l.
638 4047 757 4106 Bataille
771 4047 807 4106 de
821 4047 978 4107 Wakefield
986 4092 995 4121 ,
1013 4051 1050 4108 30
1065 4046 1219 4108 decembre
1233 4051 1321 4110 troo.

584 4139 614 4196 2.
636 4136 754 4196 Bataille
769 4137 807 4196 de
822 4137 1024 4213 saint-Alban,
1040 4143 1076 4198 Π
1092 4139 1198 4197 levrier
1212 4141 1300 4198 llssl.

585 4226 613 4283 3.
635 4225 772 4285 L’auteur
790 4240 858 4285 vent
876 4227 973 4304 parler
993 4226 1029 4286 de
1047 4228 1172 4286 Richard
1188 4227 1282 4287 Nevill
1302 4227 1329 4288 le
1347 4227 1454 4299 rieux,
1474 4231 1544 4308 pere
1560 4224 1596 4284 du

544 4323 637 4372 comte
651 4313 688 4372 tle
698 4315 856 4386 Waruiclt,
872 4316 944 4373 mais
955 4315 1026 4393 qui,
1041 4317 1083 4376 lui
1094 4361 1102 4391 ,
1115 4335 1153 4375 ne
1167 4316 1273 4395 portait
1284 4335 1335 4396 pas
1347 4315 1374 4376 le
1387 4333 1458 4376 nom
1472 4318 1510 4378 de
1520 4321 1596 4379 War-

544 4402 628 4462 wick.
644 4405 668 4462 ΙΙ
683 4405 752 4464 etait
765 4419 858 4465 comte
874 4407 912 4466 de
925 4404 1085 4484 Salisbury.

585 4496 614 4550 l.
637 4497 678 4552 Le
694 4493 750 4552 duc
767 4493 877 4554 d'Yorlt
897 4509 926 4554 et
941 4494 969 4554 le
983 4508 1077 4555 comte
1091 4495 1127 4556 de
1145 4494 1291 4574 Salisbury
1306 4495 1435 4576 perirent
1448 4509 1512 4556 tous
1524 4494 1595 4554 deux

545 4584 561 4640 l
575 4579 603 4639 la
616 4581 690 4640 suite
703 4581 740 4642 de
754 4583 782 4641 la
794 4581 910 4643 bataille
923 4584 959 4643 de
976 4584 1149 4657 Wakefield;
1163 4585 1235 4644 mais
1245 4579 1266 4644 il
1281 4605 1300 4664 y
1313 4597 1363 4644 eut
1374 4585 1537 4666 &galement
1549 4581 1594 4641 det

544 4669 710 4730 executione
726 4676 810 4752 apres
823 4671 894 4732 celle
908 4673 944 4732 de
958 4671 1157 4734 stiur-Alban.
