<?xml version="1.0" encoding="UTF-8"?>
<!DOCTYPE html PUBLIC "-//W3C//DTD XHTML 1.0 Transitional//EN"
    "http://www.w3.org/TR/xhtml1/DTD/xhtml1-transitional.dtd">
<html xmlns="http://www.w3.org/1999/xhtml" xml:lang="en" lang="en">
 <head>
  <title>
</title>
<meta http-equiv="Content-Type" content="text/html;charset=utf-8" />
  <meta name='ocr-system' content='tesseract 3.04.00' />
  <meta name='ocr-capabilities' content='ocr_page ocr_carea ocr_par ocr_line ocrx_word'/>
</head>
<body>
  <div class='ocr_page' id='page_1' title='image "./histoiredesrgne01amelgoog_0487.png"; bbox 0 0 3892 5892; ppageno 0'>
   <div class='ocr_carea' id='block_1_1' title="bbox 560 943 1327 1004">
    <p class='ocr_par' dir='ltr' id='par_1_1' title="bbox 560 943 1327 1004">
     <span class='ocr_line' id='line_1_1' title="bbox 560 943 1327 1004; baseline 0 -2"><span class='ocrx_word' id='word_1_1' title='bbox 560 945 619 1002; x_wconf 66' lang='lat'>28!</span> <span class='ocrx_word' id='word_1_2' title='bbox 846 943 1099 1004; x_wconf 74' lang='lat' dir='ltr'>fflsrottmmtt</span> <span class='ocrx_word' id='word_1_3' title='bbox 1118 945 1254 1004; x_wconf 73' lang='lat' dir='ltr'>casum</span> <span class='ocrx_word' id='word_1_4' title='bbox 1274 947 1327 1002; x_wconf 88' lang='lat' dir='ltr'>vn</span> 
     </span>
    </p>
   </div>
   <div class='ocr_carea' id='block_1_2' title="bbox 560 1068 1622 2901">
    <p class='ocr_par' dir='ltr' id='par_1_2' title="bbox 560 1068 1622 2901">
     <span class='ocr_line' id='line_1_2' title="bbox 561 1068 1613 1167; baseline -0.001 -27"><span class='ocrx_word' id='word_1_5' title='bbox 561 1068 698 1167; x_wconf 89' lang='lat' dir='ltr'>pulatio</span> <span class='ocrx_word' id='word_1_6' title='bbox 714 1084 1022 1141; x_wconf 73' lang='lat' dir='ltr'>consecutaesunt.</span> <span class='ocrx_word' id='word_1_7' title='bbox 1035 1075 1077 1141; x_wconf 80' lang='lat' dir='ltr'>m</span> <span class='ocrx_word' id='word_1_8' title='bbox 1092 1071 1156 1162; x_wconf 86' lang='lat' dir='ltr'>itu,</span> <span class='ocrx_word' id='word_1_9' title='bbox 1175 1069 1302 1142; x_wconf 87' lang='lat' dir='ltr'>eodem</span> <span class='ocrx_word' id='word_1_10' title='bbox 1316 1093 1416 1167; x_wconf 82' lang='lat' dir='ltr'>poerre</span> <span class='ocrx_word' id='word_1_11' title='bbox 1432 1084 1613 1166; x_wconf 84' lang='lat' dir='ltr'>tempore,</span> 
     </span>
     <span class='ocr_line' id='line_1_3' title="bbox 560 1183 1614 1283; baseline 0 -29"><span class='ocrx_word' id='word_1_12' title='bbox 560 1185 598 1255; x_wconf 90' lang='lat' dir='ltr'>in</span> <span class='ocrx_word' id='word_1_13' title='bbox 617 1183 756 1256; x_wconf 88' lang='lat' dir='ltr'>duabus</span> <span class='ocrx_word' id='word_1_14' title='bbox 765 1184 865 1281; x_wconf 75' lang='lat' dir='ltr'>regni</span> <span class='ocrx_word' id='word_1_15' title='bbox 880 1189 1099 1257; x_wconf 84' lang='lat' dir='ltr'>Francorum</span> <span class='ocrx_word' id='word_1_16' title='bbox 1113 1186 1304 1283; x_wconf 79' lang='lat' dir='ltr'>Galliaeque</span> <span class='ocrx_word' id='word_1_17' title='bbox 1314 1184 1614 1276; x_wconf 75' lang='lat' dir='ltr'>extremitatibus,</span> 
     </span>
     <span class='ocr_line' id='line_1_4' title="bbox 561 1298 1618 1399; baseline -0.003 -29"><span class='ocrx_word' id='word_1_18' title='bbox 561 1298 642 1370; x_wconf 82' lang='lat' dir='ltr'>duae</span> <span class='ocrx_word' id='word_1_19' title='bbox 661 1298 836 1398; x_wconf 82' lang='lat' dir='ltr'>praeclarae</span> <span class='ocrx_word' id='word_1_20' title='bbox 851 1300 957 1372; x_wconf 89' lang='lat' dir='ltr'>urbes</span> <span class='ocrx_word' id='word_1_21' title='bbox 973 1299 1188 1398; x_wconf 75' lang='lat' dir='ltr'>Burdegala‚</span> <span class='ocrx_word' id='word_1_22' title='bbox 1206 1325 1329 1372; x_wconf 80' lang='lat' dir='ltr'>uersus</span> <span class='ocrx_word' id='word_1_23' title='bbox 1345 1299 1556 1399; x_wconf 76' lang='lat' dir='ltr'>Hispanias,</span> <span class='ocrx_word' id='word_1_24' title='bbox 1584 1311 1618 1367; x_wconf 90' lang='lat' dir='ltr'>et</span> 
     </span>
     <span class='ocr_line' id='line_1_5' title="bbox 561 1413 1617 1506; baseline -0.002 -22"><span class='ocrx_word' id='word_1_25' title='bbox 561 1413 791 1504; x_wconf 84' lang='lat' dir='ltr'>Gandavum,</span> <span class='ocrx_word' id='word_1_26' title='bbox 814 1415 853 1486; x_wconf 91' lang='lat' dir='ltr'>in</span> <span class='ocrx_word' id='word_1_27' title='bbox 872 1413 1038 1486; x_wconf 86' lang='lat' dir='ltr'>Flandria</span> <span class='ocrx_word' id='word_1_28' title='bbox 1056 1439 1178 1486; x_wconf 87' lang='lat' dir='ltr'>versus</span> <span class='ocrx_word' id='word_1_29' title='bbox 1204 1415 1432 1506; x_wconf 80' lang='lat' dir='ltr'>Germanias,</span> <span class='ocrx_word' id='word_1_30' title='bbox 1455 1413 1568 1484; x_wconf 85' lang='lat' dir='ltr'>armis</span> <span class='ocrx_word' id='word_1_31' title='bbox 1582 1425 1617 1482; x_wconf 86' lang='lat' dir='ltr'>et</span> 
     </span>
     <span class='ocr_line' id='line_1_6' title="bbox 562 1516 1488 1627; baseline -0.002 -25"><span class='ocrx_word' id='word_1_32' title='bbox 562 1531 666 1602; x_wconf 84' lang='lat' dir='ltr'>variis</span> <span class='ocrx_word' id='word_1_33' title='bbox 683 1529 941 1603; x_wconf 73' lang='lat' dir='ltr'>calamitatibus</span> <span class='ocrx_word' id='word_1_34' title='bbox 954 1516 1092 1602; x_wconf 79' lang='lat' dir='ltr'>afflictae</span> <span class='ocrx_word' id='word_1_35' title='bbox 1102 1530 1318 1627; x_wconf 82' lang='lat' dir='ltr'>domitaeque</span> <span class='ocrx_word' id='word_1_36' title='bbox 1332 1530 1488 1601; x_wconf 87' lang='lat' dir='ltr'>fuerunt.</span> 
     </span>
     <span class='ocr_line' id='line_1_7' title="bbox 612 1642 1615 1743; baseline -0.005 -26"><span class='ocrx_word' id='word_1_37' title='bbox 612 1646 892 1743; x_wconf 84' lang='lat' dir='ltr'>implorasseque</span> <span class='ocrx_word' id='word_1_38' title='bbox 910 1647 948 1716; x_wconf 92' lang='lat' dir='ltr'>in</span> <span class='ocrx_word' id='word_1_39' title='bbox 967 1670 1033 1718; x_wconf 87' lang='lat' dir='ltr'>sua</span> <span class='ocrx_word' id='word_1_40' title='bbox 1048 1646 1248 1719; x_wconf 79' lang='lat' dir='ltr'>calamitate</span> <span class='ocrx_word' id='word_1_41' title='bbox 1264 1645 1473 1718; x_wconf 86' lang='lat' dir='ltr'>Gandenses</span> <span class='ocrx_word' id='word_1_42' title='bbox 1483 1642 1615 1728; x_wconf 85' lang='lat' dir='ltr'>Caroli,</span> 
     </span>
     <span class='ocr_line' id='line_1_8' title="bbox 562 1761 1616 1859; baseline -0.003 -27"><span class='ocrx_word' id='word_1_43' title='bbox 562 1765 781 1833; x_wconf 75' lang='lat' dir='ltr'>Francorum</span> <span class='ocrx_word' id='word_1_44' title='bbox 800 1761 911 1856; x_wconf 83' lang='lat' dir='ltr'>regis,</span> <span class='ocrx_word' id='word_1_45' title='bbox 929 1776 1055 1832; x_wconf 84' lang='lat' dir='ltr'>contra</span> <span class='ocrx_word' id='word_1_46' title='bbox 1074 1762 1272 1859; x_wconf 87' lang='lat' dir='ltr'>principem</span> <span class='ocrx_word' id='word_1_47' title='bbox 1290 1785 1395 1832; x_wconf 89' lang='lat' dir='ltr'>suum</span> <span class='ocrx_word' id='word_1_48' title='bbox 1410 1761 1616 1859; x_wconf 76' lang='lat' dir='ltr'>praefatum,</span> 
     </span>
     <span class='ocr_line' id='line_1_9' title="bbox 562 1874 1616 1975; baseline -0.002 -28"><span class='ocrx_word' id='word_1_49' title='bbox 562 1879 732 1948; x_wconf 84' lang='lat' dir='ltr'>auxilium</span> <span class='ocrx_word' id='word_1_50' title='bbox 756 1877 1000 1974; x_wconf 78' lang='lat' dir='ltr'>justitiamque</span> <span class='ocrx_word' id='word_1_51' title='bbox 1023 1901 1141 1969; x_wconf 90' lang='lat' dir='ltr'>suam,</span> <span class='ocrx_word' id='word_1_52' title='bbox 1171 1891 1340 1975; x_wconf 86' lang='lat' dir='ltr'>tanquam</span> <span class='ocrx_word' id='word_1_53' title='bbox 1364 1879 1525 1975; x_wconf 84' lang='lat' dir='ltr'>supremi</span> <span class='ocrx_word' id='word_1_54' title='bbox 1552 1874 1616 1946; x_wconf 93' lang='lat' dir='ltr'>do·</span> 
     </span>
     <span class='ocr_line' id='line_1_10' title="bbox 563 1991 1618 2090; baseline -0.006 -26"><span class='ocrx_word' id='word_1_55' title='bbox 563 1993 668 2082; x_wconf 91' lang='lat' dir='ltr'>mini,</span> <span class='ocrx_word' id='word_1_56' title='bbox 685 1993 871 2089; x_wconf 79' lang='lat' dir='ltr'>expetiisse</span> <span class='ocrx_word' id='word_1_57' title='bbox 888 2015 931 2064; x_wconf 88' lang='lat' dir='ltr'>ac</span> <span class='ocrx_word' id='word_1_58' title='bbox 952 1992 1140 2090; x_wconf 79' lang='lat' dir='ltr'>requisisse</span> <span class='ocrx_word' id='word_1_59' title='bbox 1168 1991 1386 2084; x_wconf 77' lang='lat' dir='ltr'>ferebantur,</span> <span class='ocrx_word' id='word_1_60' title='bbox 1405 1991 1562 2090; x_wconf 88' lang='lat' dir='ltr'>plurima</span> <span class='ocrx_word' id='word_1_61' title='bbox 1583 2013 1618 2058; x_wconf 88' lang='lat' dir='ltr'>se</span> 
     </span>
     <span class='ocr_line' id='line_1_11' title="bbox 563 2105 1619 2198; baseline -0.006 -20"><span class='ocrx_word' id='word_1_62' title='bbox 563 2105 751 2178; x_wconf 79' lang='lat' dir='ltr'>offerentes</span> <span class='ocrx_word' id='word_1_63' title='bbox 759 2107 927 2178; x_wconf 81' lang='lat' dir='ltr'>facturos.</span> <span class='ocrx_word' id='word_1_64' title='bbox 940 2107 1009 2178; x_wconf 89' lang='lat' dir='ltr'>Sed</span> <span class='ocrx_word' id='word_1_65' title='bbox 1020 2131 1096 2198; x_wconf 80' lang='lat' dir='ltr'>rex,</span> <span class='ocrx_word' id='word_1_66' title='bbox 1110 2105 1211 2196; x_wconf 85' lang='lat' dir='ltr'>dum,</span> <span class='ocrx_word' id='word_1_67' title='bbox 1224 2105 1438 2198; x_wconf 84' lang='lat' dir='ltr'>utdiximus,</span> <span class='ocrx_word' id='word_1_68' title='bbox 1448 2107 1619 2178; x_wconf 81' lang='lat' dir='ltr'>adversus</span> 
     </span>
     <span class='ocr_line' id='line_1_12' title="bbox 564 2220 1619 2326; baseline -0.003 -34"><span class='ocrx_word' id='word_1_69' title='bbox 564 2220 694 2316; x_wconf 77' lang='lat' dir='ltr'>hnglos</span> <span class='ocrx_word' id='word_1_70' title='bbox 724 2223 762 2293; x_wconf 89' lang='lat' dir='ltr'>in</span> <span class='ocrx_word' id='word_1_71' title='bbox 789 2223 980 2320; x_wconf 78' lang='lat' dir='ltr'>Aquitania</span> <span class='ocrx_word' id='word_1_72' title='bbox 1008 2235 1202 2320; x_wconf 80' lang='lat' dir='ltr'>aucupatus</span> <span class='ocrx_word' id='word_1_73' title='bbox 1233 2237 1341 2310; x_wconf 86' lang='lat' dir='ltr'>esset,</span> <span class='ocrx_word' id='word_1_74' title='bbox 1378 2245 1440 2293; x_wconf 85' lang='lat' dir='ltr'>ens</span> <span class='ocrx_word' id='word_1_75' title='bbox 1471 2221 1619 2326; x_wconf 76' lang='lat' dir='ltr'>minime</span> 
     </span>
     <span class='ocr_line' id='line_1_13' title="bbox 563 2324 1620 2436; baseline -0.004 -27"><span class='ocrx_word' id='word_1_76' title='bbox 563 2337 759 2430; x_wconf 80' lang='lat' dir='ltr'>exaudivit,</span> <span class='ocrx_word' id='word_1_77' title='bbox 779 2365 846 2411; x_wconf 89' lang='lat' dir='ltr'>nec</span> <span class='ocrx_word' id='word_1_78' title='bbox 864 2337 910 2410; x_wconf 90' lang='lat' dir='ltr'>de</span> <span class='ocrx_word' id='word_1_79' title='bbox 925 2324 1051 2411; x_wconf 88' lang='lat' dir='ltr'>eorum</span> <span class='ocrx_word' id='word_1_80' title='bbox 1069 2337 1248 2410; x_wconf 90' lang='lat' dir='ltr'>simultate</span> <span class='ocrx_word' id='word_1_81' title='bbox 1260 2353 1387 2412; x_wconf 91' lang='lat' dir='ltr'>contra</span> <span class='ocrx_word' id='word_1_82' title='bbox 1402 2361 1509 2412; x_wconf 86' lang='lat' dir='ltr'>suum</span> <span class='ocrx_word' id='word_1_83' title='bbox 1527 2337 1620 2436; x_wconf 92' lang='lat' dir='ltr'>prin-</span> 
     </span>
     <span class='ocr_line' id='line_1_14' title="bbox 563 2452 1619 2554; baseline -0.004 -30"><span class='ocrx_word' id='word_1_84' title='bbox 563 2455 680 2552; x_wconf 91' lang='lat' dir='ltr'>cipem</span> <span class='ocrx_word' id='word_1_85' title='bbox 700 2480 738 2527; x_wconf 88' lang='lat' dir='ltr'>se</span> <span class='ocrx_word' id='word_1_86' title='bbox 764 2455 837 2527; x_wconf 86' lang='lat' dir='ltr'>ullo</span> <span class='ocrx_word' id='word_1_87' title='bbox 849 2470 955 2554; x_wconf 83' lang='lat' dir='ltr'>pacto</span> <span class='ocrx_word' id='word_1_88' title='bbox 979 2455 1213 2527; x_wconf 86' lang='lat' dir='ltr'>intromittere</span> <span class='ocrx_word' id='word_1_89' title='bbox 1230 2456 1398 2526; x_wconf 71' lang='lat' dir='ltr'>curaviv.</span> <span class='ocrx_word' id='word_1_90' title='bbox 1424 2459 1503 2526; x_wconf 87' lang='lat' dir='ltr'>Non</span> <span class='ocrx_word' id='word_1_91' title='bbox 1525 2452 1619 2524; x_wconf 90' lang='lat' dir='ltr'>enim</span> 
     </span>
     <span class='ocr_line' id='line_1_15' title="bbox 563 2569 1621 2668; baseline -0.004 -28"><span class='ocrx_word' id='word_1_92' title='bbox 563 2571 726 2667; x_wconf 85' lang='lat' dir='ltr'>querelas</span> <span class='ocrx_word' id='word_1_93' title='bbox 740 2569 949 2667; x_wconf 88' lang='lat' dir='ltr'>hujusmodi</span> <span class='ocrx_word' id='word_1_94' title='bbox 972 2587 1099 2642; x_wconf 84' lang='lat' dir='ltr'>contra</span> <span class='ocrx_word' id='word_1_95' title='bbox 1120 2593 1203 2641; x_wconf 88' lang='lat' dir='ltr'>snos</span> <span class='ocrx_word' id='word_1_96' title='bbox 1225 2571 1416 2668; x_wconf 84' lang='lat' dir='ltr'>principes,</span> <span class='ocrx_word' id='word_1_97' title='bbox 1438 2571 1501 2642; x_wconf 87' lang='lat' dir='ltr'>etsi</span> <span class='ocrx_word' id='word_1_98' title='bbox 1530 2570 1621 2640; x_wconf 80' lang='lat' dir='ltr'>forte</span> 
     </span>
     <span class='ocr_line' id='line_1_16' title="bbox 563 2685 1622 2784; baseline -0.003 -26"><span class='ocrx_word' id='word_1_99' title='bbox 563 2685 758 2782; x_wconf 88' lang='lat' dir='ltr'>aliquando</span> <span class='ocrx_word' id='word_1_100' title='bbox 784 2685 918 2759; x_wconf 89' lang='lat' dir='ltr'>subditi</span> <span class='ocrx_word' id='word_1_101' title='bbox 951 2710 1026 2759; x_wconf 91' lang='lat' dir='ltr'>non</span> <span class='ocrx_word' id='word_1_102' title='bbox 1052 2689 1181 2783; x_wconf 87' lang='lat' dir='ltr'>injuste</span> <span class='ocrx_word' id='word_1_103' title='bbox 1208 2688 1478 2784; x_wconf 83' lang='lat' dir='ltr'>aggrediuntur,</span> <span class='ocrx_word' id='word_1_104' title='bbox 1504 2701 1622 2784; x_wconf 86' lang='lat' dir='ltr'>gratas</span> 
     </span>
     <span class='ocr_line' id='line_1_17' title="bbox 566 2801 1560 2901; baseline 0.003 -31"><span class='ocrx_word' id='word_1_105' title='bbox 566 2801 641 2874; x_wconf 82' lang='lat' dir='ltr'>sore</span> <span class='ocrx_word' id='word_1_106' title='bbox 655 2802 798 2898; x_wconf 82' lang='lat' dir='ltr'>regibus</span> <span class='ocrx_word' id='word_1_107' title='bbox 814 2816 876 2873; x_wconf 87' lang='lat' dir='ltr'>aut</span> <span class='ocrx_word' id='word_1_108' title='bbox 888 2803 1047 2897; x_wconf 83' lang='lat' dir='ltr'>tyrannis</span> <span class='ocrx_word' id='word_1_109' title='bbox 1063 2801 1245 2874; x_wconf 85' lang='lat' dir='ltr'>multoties</span> <span class='ocrx_word' id='word_1_110' title='bbox 1261 2817 1487 2901; x_wconf 87' lang='lat' dir='ltr'>compertum</span> <span class='ocrx_word' id='word_1_111' title='bbox 1504 2815 1560 2876; x_wconf 89' lang='lat' dir='ltr'>est</span> 
     </span>
    </p>
   </div>
   <div class='ocr_carea' id='block_1_3' title="bbox 919 3051 1277 3170">
    <p class='ocr_par' dir='ltr' id='par_1_3' title="bbox 919 3051 1277 3170">
     <span class='ocr_line' id='line_1_18' title="bbox 919 3051 1277 3170; baseline 0.006 -2"><span class='ocrx_word' id='word_1_112' title='bbox 919 3051 1177 3170; x_wconf 75' lang='lat' dir='ltr'>cirnmun</span> <span class='ocrx_word' id='word_1_113' title='bbox 1201 3103 1277 3170; x_wconf 78' lang='grc' dir='ltr'>ιιι.</span> 
     </span>
    </p>
   </div>
   <div class='ocr_carea' id='block_1_4' title="bbox 594 3296 1597 3465">
    <p class='ocr_par' dir='ltr' id='par_1_4' title="bbox 594 3296 1597 3465">
     <span class='ocr_line' id='line_1_19' title="bbox 594 3296 1597 3377; baseline 0.005 -26"><span class='ocrx_word' id='word_1_114' title='bbox 594 3296 740 3366; x_wconf 88' lang='lat' dir='ltr'>Quomodo</span> <span class='ocrx_word' id='word_1_115' title='bbox 760 3299 874 3354; x_wconf 80' lang='lat' dir='ltr'>Carolus</span> <span class='ocrx_word' id='word_1_116' title='bbox 893 3319 941 3354; x_wconf 85' lang='lat' dir='ltr'>rex</span> <span class='ocrx_word' id='word_1_117' title='bbox 960 3299 996 3355; x_wconf 91' lang='lat' dir='ltr'>ad</span> <span class='ocrx_word' id='word_1_118' title='bbox 1018 3300 1186 3377; x_wconf 83' lang='lat' dir='ltr'>delphinum,</span> <span class='ocrx_word' id='word_1_119' title='bbox 1204 3301 1289 3358; x_wconf 85' lang='lat' dir='ltr'>lilium</span> <span class='ocrx_word' id='word_1_120' title='bbox 1308 3321 1396 3366; x_wconf 82' lang='lat' dir='ltr'>sunm,</span> <span class='ocrx_word' id='word_1_121' title='bbox 1417 3297 1597 3376; x_wconf 79' lang='lat' dir='ltr'>castigandum</span> 
     </span>
     <span class='ocr_line' id='line_1_20' title="bbox 698 3389 1492 3465; baseline 0.008 -23"><span class='ocrx_word' id='word_1_122' title='bbox 698 3389 862 3460; x_wconf 75' lang='lat' dir='ltr'>Lugdunum</span> <span class='ocrx_word' id='word_1_123' title='bbox 874 3392 1006 3462; x_wconf 69' lang='lat' dir='ltr'>perrexit,</span> <span class='ocrx_word' id='word_1_124' title='bbox 1018 3405 1045 3446; x_wconf 82' lang='lat' dir='ltr'>et</span> <span class='ocrx_word' id='word_1_125' title='bbox 1058 3391 1092 3446; x_wconf 83' lang='lat' dir='ltr'>de</span> <span class='ocrx_word' id='word_1_126' title='bbox 1103 3392 1220 3464; x_wconf 80' lang='lat' dir='ltr'>ejusdem</span> <span class='ocrx_word' id='word_1_127' title='bbox 1233 3393 1352 3465; x_wconf 76' lang='lat' dir='ltr'>delphini</span> <span class='ocrx_word' id='word_1_128' title='bbox 1364 3394 1492 3448; x_wconf 79' lang='lat' dir='ltr'>moribus.</span> 
     </span>
    </p>
   </div>
   <div class='ocr_carea' id='block_1_5' title="bbox 566 3589 1621 4014">
    <p class='ocr_par' dir='ltr' id='par_1_5' title="bbox 566 3589 1621 4014">
     <span class='ocr_line' id='line_1_21' title="bbox 614 3589 1619 3687; baseline 0 -27"><span class='ocrx_word' id='word_1_129' title='bbox 614 3589 762 3662; x_wconf 90' lang='lat' dir='ltr'>Carolus</span> <span class='ocrx_word' id='word_1_130' title='bbox 787 3606 908 3664; x_wconf 86' lang='lat' dir='ltr'>antem</span> <span class='ocrx_word' id='word_1_131' title='bbox 933 3616 1013 3684; x_wconf 82' lang='lat' dir='ltr'>rex,</span> <span class='ocrx_word' id='word_1_132' title='bbox 1036 3617 1139 3680; x_wconf 88' lang='lat' dir='ltr'>curn,</span> <span class='ocrx_word' id='word_1_133' title='bbox 1167 3589 1286 3680; x_wconf 87' lang='lat' dir='ltr'>finita,</span> <span class='ocrx_word' id='word_1_134' title='bbox 1316 3591 1619 3687; x_wconf 88' lang='lat' dir='ltr'>quemadmodum</span> 
     </span>
     <span class='ocr_line' id='line_1_22' title="bbox 566 3705 1620 3804; baseline 0.003 -29"><span class='ocrx_word' id='word_1_135' title='bbox 566 3705 809 3801; x_wconf 79' lang='lat' dir='ltr'>praediximus,</span> <span class='ocrx_word' id='word_1_136' title='bbox 822 3730 886 3779; x_wconf 88' lang='lat' dir='ltr'>sua</span> <span class='ocrx_word' id='word_1_137' title='bbox 901 3707 1107 3802; x_wconf 74' lang='lat' dir='ltr'>squitmiica</span> <span class='ocrx_word' id='word_1_138' title='bbox 1123 3707 1362 3804; x_wconf 79' lang='lat' dir='ltr'>expeditione,</span> <span class='ocrx_word' id='word_1_139' title='bbox 1383 3707 1419 3778; x_wconf 95' lang='lat' dir='ltr'>in</span> <span class='ocrx_word' id='word_1_140' title='bbox 1439 3711 1620 3780; x_wconf 82' lang='lat' dir='ltr'>Franciam</span> 
     </span>
     <span class='ocr_line' id='line_1_23' title="bbox 567 3821 1620 3923; baseline 0.003 -31"><span class='ocrx_word' id='word_1_141' title='bbox 567 3823 785 3911; x_wconf 85' lang='lat' dir='ltr'>revertisset,</span> <span class='ocrx_word' id='word_1_142' title='bbox 805 3823 852 3894; x_wconf 86' lang='lat' dir='ltr'>ad</span> <span class='ocrx_word' id='word_1_143' title='bbox 870 3823 1117 3920; x_wconf 84' lang='lat' dir='ltr'>castigandum</span> <span class='ocrx_word' id='word_1_144' title='bbox 1140 3821 1254 3894; x_wconf 86' lang='lat' dir='ltr'>filium</span> <span class='ocrx_word' id='word_1_145' title='bbox 1270 3847 1377 3896; x_wconf 87' lang='lat' dir='ltr'>suum</span> <span class='ocrx_word' id='word_1_146' title='bbox 1400 3824 1620 3923; x_wconf 86' lang='lat' dir='ltr'>primogeni-</span> 
     </span>
     <span class='ocr_line' id='line_1_24' title="bbox 566 3937 1621 4014; baseline 0.007 -7"><span class='ocrx_word' id='word_1_147' title='bbox 566 3951 643 4007; x_wconf 90' lang='lat' dir='ltr'>tum</span> <span class='ocrx_word' id='word_1_148' title='bbox 667 3937 889 4011; x_wconf 86' lang='lat' dir='ltr'>Ludovicum</span> <span class='ocrx_word' id='word_1_149' title='bbox 913 3964 952 4012; x_wconf 89' lang='lat' dir='ltr'>se</span> <span class='ocrx_word' id='word_1_150' title='bbox 978 3939 1165 4014; x_wconf 80' lang='lat' dir='ltr'>convertit.</span> <span class='ocrx_word' id='word_1_151' title='bbox 1187 3943 1271 4012; x_wconf 90' lang='lat' dir='ltr'>Erat</span> <span class='ocrx_word' id='word_1_152' title='bbox 1290 3941 1441 4014; x_wconf 91' lang='lat' dir='ltr'>enimin</span> <span class='ocrx_word' id='word_1_153' title='bbox 1459 3965 1526 4014; x_wconf 87' lang='lat' dir='ltr'>suo</span> <span class='ocrx_word' id='word_1_154' title='bbox 1546 3939 1621 4014; x_wconf 87' lang='lat' dir='ltr'>del·</span> 
     </span>
    </p>
   </div>
   <div class='ocr_carea' id='block_1_6' title="bbox 566 4195 1624 4716">
    <p class='ocr_par' dir='ltr' id='par_1_6' title="bbox 566 4195 1624 4716">
     <span class='ocr_line' id='line_1_25' title="bbox 606 4195 1622 4279; baseline 0.004 -25"><span class='ocrx_word' id='word_1_155' title='bbox 606 4199 636 4254; x_wconf 82' lang='lat' dir='ltr'>l.</span> <span class='ocrx_word' id='word_1_156' title='bbox 656 4195 724 4256; x_wconf 82' lang='lat' dir='ltr'>cela</span> <span class='ocrx_word' id='word_1_157' title='bbox 742 4195 819 4258; x_wconf 85' lang='lat' dir='ltr'>n’est</span> <span class='ocrx_word' id='word_1_158' title='bbox 838 4217 890 4278; x_wconf 83' lang='lat' dir='ltr'>pas</span> <span class='ocrx_word' id='word_1_159' title='bbox 910 4209 1012 4274; x_wconf 77' lang='lat' dir='ltr'>exact,</span> <span class='ocrx_word' id='word_1_160' title='bbox 1034 4200 1157 4278; x_wconf 85' lang='lat' dir='ltr'>puisqne</span> <span class='ocrx_word' id='word_1_161' title='bbox 1177 4199 1205 4259; x_wconf 89' lang='lat' dir='ltr'>le</span> <span class='ocrx_word' id='word_1_162' title='bbox 1227 4200 1270 4259; x_wconf 84' lang='lat' dir='ltr'>mi</span> <span class='ocrx_word' id='word_1_163' title='bbox 1294 4203 1442 4279; x_wconf 70' lang='lat' dir='ltr'>envoyai</span> <span class='ocrx_word' id='word_1_164' title='bbox 1466 4199 1564 4274; x_wconf 77' lang='lat' dir='ltr'>Gand,</span> <span class='ocrx_word' id='word_1_165' title='bbox 1587 4215 1622 4258; x_wconf 90' lang='lat' dir='ltr'>en</span> 
     </span>
     <span class='ocr_line' id='line_1_26' title="bbox 568 4285 1624 4369; baseline 0.004 -25"><span class='ocrx_word' id='word_1_166' title='bbox 568 4288 662 4356; x_wconf 74' lang='lat' dir='ltr'>lasa,</span> <span class='ocrx_word' id='word_1_167' title='bbox 677 4306 719 4344; x_wconf 89' lang='lat' dir='ltr'>un</span> <span class='ocrx_word' id='word_1_168' title='bbox 730 4285 879 4347; x_wconf 77' lang='lat' dir='ltr'>chevalier</span> <span class='ocrx_word' id='word_1_169' title='bbox 896 4301 926 4347; x_wconf 83' lang='lat' dir='ltr'>et</span> <span class='ocrx_word' id='word_1_170' title='bbox 941 4308 982 4346; x_wconf 88' lang='lat' dir='ltr'>un</span> <span class='ocrx_word' id='word_1_171' title='bbox 997 4287 1098 4349; x_wconf 89' lang='lat' dir='ltr'>maitre</span> <span class='ocrx_word' id='word_1_172' title='bbox 1111 4289 1162 4348; x_wconf 87' lang='lat' dir='ltr'>des</span> <span class='ocrx_word' id='word_1_173' title='bbox 1181 4291 1314 4367; x_wconf 72' lang='lat' dir='ltr'>requdtes</span> <span class='ocrx_word' id='word_1_174' title='bbox 1334 4309 1405 4350; x_wconf 85' lang='lat' dir='ltr'>aver</span> <span class='ocrx_word' id='word_1_175' title='bbox 1420 4290 1448 4350; x_wconf 86' lang='lat' dir='ltr'>le</span> <span class='ocrx_word' id='word_1_176' title='bbox 1465 4307 1624 4369; x_wconf 83' lang='lat' dir='ltr'>procureur</span> 
     </span>
     <span class='ocr_line' id='line_1_27' title="bbox 566 4372 1624 4457; baseline 0.005 -28"><span class='ocrx_word' id='word_1_177' title='bbox 566 4373 683 4452; x_wconf 72' lang='lat' dir='ltr'>general</span> <span class='ocrx_word' id='word_1_178' title='bbox 695 4372 735 4432; x_wconf 88' lang='lat' dir='ltr'>dn</span> <span class='ocrx_word' id='word_1_179' title='bbox 748 4375 922 4453; x_wconf 89' lang='lat' dir='ltr'>parlement,</span> <span class='ocrx_word' id='word_1_180' title='bbox 935 4390 964 4436; x_wconf 88' lang='lat' dir='ltr'>et</span> <span class='ocrx_word' id='word_1_181' title='bbox 976 4397 1034 4454; x_wconf 89' lang='lat' dir='ltr'>qne</span> <span class='ocrx_word' id='word_1_182' title='bbox 1048 4399 1101 4457; x_wconf 87' lang='lat' dir='ltr'>par</span> <span class='ocrx_word' id='word_1_183' title='bbox 1115 4377 1290 4436; x_wconf 86' lang='lat' dir='ltr'>l&#39;entremise</span> <span class='ocrx_word' id='word_1_184' title='bbox 1303 4377 1339 4436; x_wconf 94' lang='lat' dir='ltr'>de</span> <span class='ocrx_word' id='word_1_185' title='bbox 1350 4399 1397 4438; x_wconf 85' lang='lat' dir='ltr'>ces</span> <span class='ocrx_word' id='word_1_186' title='bbox 1409 4377 1624 4438; x_wconf 82' lang='lat' dir='ltr'>ambassudeurs</span> 
     </span>
     <span class='ocr_line' id='line_1_28' title="bbox 567 4460 1624 4546; baseline 0.003 -27"><span class='ocrx_word' id='word_1_187' title='bbox 567 4479 607 4519; x_wconf 90' lang='lat' dir='ltr'>un</span> <span class='ocrx_word' id='word_1_188' title='bbox 627 4460 748 4531; x_wconf 84' lang='lat' dir='ltr'>accord,</span> <span class='ocrx_word' id='word_1_189' title='bbox 766 4463 817 4539; x_wconf 90' lang='lat' dir='ltr'>qui</span> <span class='ocrx_word' id='word_1_190' title='bbox 836 4463 908 4524; x_wconf 89' lang='lat' dir='ltr'>dura</span> <span class='ocrx_word' id='word_1_191' title='bbox 929 4467 996 4543; x_wconf 71' lang='lat' dir='ltr'>pres</span> <span class='ocrx_word' id='word_1_192' title='bbox 1018 4460 1088 4525; x_wconf 88' lang='lat' dir='ltr'>d&#39;un</span> <span class='ocrx_word' id='word_1_193' title='bbox 1108 4483 1163 4538; x_wconf 88' lang='lat' dir='ltr'>an,</span> <span class='ocrx_word' id='word_1_194' title='bbox 1187 4465 1229 4523; x_wconf 83' lang='lat' dir='ltr'>lut</span> <span class='ocrx_word' id='word_1_195' title='bbox 1250 4465 1371 4546; x_wconf 70' lang='lat' dir='ltr'>negocii</span> <span class='ocrx_word' id='word_1_196' title='bbox 1389 4479 1470 4526; x_wconf 87' lang='lat' dir='ltr'>entre</span> <span class='ocrx_word' id='word_1_197' title='bbox 1487 4466 1530 4525; x_wconf 79' lang='lat' dir='ltr'>les</span> <span class='ocrx_word' id='word_1_198' title='bbox 1548 4467 1624 4524; x_wconf 87' lang='lat' dir='ltr'>Gan·</span> 
     </span>
     <span class='ocr_line' id='line_1_29' title="bbox 568 4552 1621 4635; baseline 0.003 -25"><span class='ocrx_word' id='word_1_199' title='bbox 568 4552 622 4611; x_wconf 84' lang='lat' dir='ltr'>tois</span> <span class='ocrx_word' id='word_1_200' title='bbox 642 4563 671 4609; x_wconf 85' lang='lat' dir='ltr'>et</span> <span class='ocrx_word' id='word_1_201' title='bbox 694 4552 722 4609; x_wconf 88' lang='lat' dir='ltr'>le</span> <span class='ocrx_word' id='word_1_202' title='bbox 743 4553 809 4613; x_wconf 89' lang='lat' dir='ltr'>duc.</span> <span class='ocrx_word' id='word_1_203' title='bbox 828 4559 901 4632; x_wconf 83' lang='lat' dir='ltr'>Voy.</span> <span class='ocrx_word' id='word_1_204' title='bbox 921 4557 1060 4617; x_wconf 84' lang='lat' dir='ltr'>Matthieu</span> <span class='ocrx_word' id='word_1_205' title='bbox 1078 4557 1114 4616; x_wconf 88' lang='lat' dir='ltr'>de</span> <span class='ocrx_word' id='word_1_206' title='bbox 1131 4557 1239 4632; x_wconf 80' lang='lat' dir='ltr'>eoussy</span> <span class='ocrx_word' id='word_1_207' title='bbox 1256 4567 1285 4616; x_wconf 87' lang='lat' dir='ltr'>et</span> <span class='ocrx_word' id='word_1_208' title='bbox 1304 4561 1427 4635; x_wconf 79' lang='lat' dir='ltr'>lacques</span> <span class='ocrx_word' id='word_1_209' title='bbox 1446 4556 1486 4616; x_wconf 88' lang='lat' dir='ltr'>du</span> <span class='ocrx_word' id='word_1_210' title='bbox 1507 4555 1621 4632; x_wconf 84' lang='lat' dir='ltr'>Clerrq‚</span> 
     </span>
     <span class='ocr_line' id='line_1_30' title="bbox 568 4640 974 4716; baseline 0.007 -16"><span class='ocrx_word' id='word_1_211' title='bbox 568 4643 735 4715; x_wconf 68' lang='lat' dir='ltr'>Memoirer,</span> <span class='ocrx_word' id='word_1_212' title='bbox 749 4640 768 4701; x_wconf 81' lang='lat' dir='ltr'>l</span> <span class='ocrx_word' id='word_1_213' title='bbox 781 4645 820 4716; x_wconf 88' lang='lat'>11,</span> <span class='ocrx_word' id='word_1_214' title='bbox 834 4643 882 4704; x_wconf 84' lang='lat' dir='ltr'>ch.</span> <span class='ocrx_word' id='word_1_215' title='bbox 902 4665 974 4703; x_wconf 81' lang='lat' dir='ltr'>xm.</span> 
     </span>
    </p>
   </div>
   <div class='ocr_carea' id='block_1_7' title="bbox 0 0 1965 5892">
    <p class='ocr_par' dir='ltr' id='par_1_7' title="bbox 0 0 1965 5892">
     <span class='ocr_line' id='line_1_31' title="bbox 0 0 1965 5892; baseline 0 0"><span class='ocrx_word' id='word_1_216' title='bbox 0 0 1965 5892; x_wconf 95' lang='lat' dir='ltr'> </span> 
     </span>
    </p>
   </div>
  </div>
 </body>
</html>
