3892 5892
564 943 622 1002 arr
848 923 1105 1006 ursrontuiuu
1125 946 1260 1004 sanou
1280 947 1333 1004 vu

563 1068 601 1139 in
626 1067 725 1140 buno
746 1067 843 1140 diem
867 1067 978 1140 iirmae
1000 1082 1105 1165 atque
1134 1069 1280 1141 munitae
1296 1069 1342 1164 ¹in
1374 1069 1502 1142 eadem
1527 1068 1621 1142 urbe

563 1181 790 1281 perseverant
803 1187 824 1255 ¹.

611 1300 671 1371 Sic
694 1300 813 1396 itaque
836 1298 912 1370 haec
937 1297 1118 1395 expeditio
1145 1298 1357 1395 Aquitanica
1383 1297 1501 1370 Caroli
1527 1299 1622 1394 regis

563 1414 705 1486 solertia
720 1428 827 1509 atque
842 1411 1066 1510 providentia
1083 1432 1305 1509 suorumque
1322 1411 1457 1485 ducum
1474 1427 1509 1485 et
1526 1413 1623 1484 mili·

456 1623 461 1632 0
564 1542 640 1600 tum
657 1527 787 1601 robore
800 1542 907 1625 atque
927 1527 1324 1615 strenuitate,·decursu
1349 1529 1491 1601 circiter
1510 1528 1622 1600 trium

564 1644 759 1735 mensium,
789 1641 927 1714 felicem
946 1643 1081 1713 exitum
1102 1657 1139 1716 et
1155 1645 1503 1716 consummationem
1521 1668 1623 1716 acce-

563 1759 636 1857 pit,
668 1773 703 1830 et
731 1757 892 1831 secundo
916 1758 1091 1830 Vasoouia
1116 1773 1223 1855 atque
1259 1758 1480 1855 Burdogala,
1512 1759 1623 1831 armis

564 1879 781 1949 Francorum
804 1873 966 1965 domitae,
996 1898 1016 1945 e
1044 1873 1210 1946 manibus
1239 1875 1431 1972 Anglorum
1457 1889 1622 1948 extractae

564 2003 647 2060 suut
681 2002 717 2060 et
748 1987 793 2058 ad
819 1990 1008 2084 antiquum
1034 2013 1158 2084 regum
1185 1993 1405 2062 Francorum
1429 1990 1620 2088 imperium

564 2104 743 2176 restitutae.
770 2104 903 2188 Baiona
927 2116 1067 2192 umen,
1102 2119 1184 2202 post
1210 2105 1364 2203 primam
1396 2104 1620 2178 deditionem

564 2221 653 2316 ejus,
676 2243 819 2318 semper
840 2220 876 2290 iu
895 2217 966 2290 lide
988 2220 1200 2317 permansit,
1219 2245 1287 2292 nec
1313 2219 1620 2319 quemadmodum

565 2334 764 2432 Burdogala
785 2332 832 2407 ad
849 2333 1015 2430 Anglicos
1036 2333 1181 2426 deloci13
1199 2360 1266 2433 pro
1283 2336 1385 2431 cujus
1407 2334 1490 2406 fidei
1505 2351 1622 2408 reten-

565 2451 681 2538 tione,
700 2449 838 2547 'majore
854 2448 962 2545 digna
980 2448 1294 2523 commendatione
1309 2450 1488 2524 censenda
1503 2465 1570 2524 est.

913 2736 1165 2808 clPtTULUM
1188 2739 1280 2808 Vlll.

566 2914 667 2966 Bellum
678 2912 706 2964 in
718 2908 843 2964 Flandria
860 2908 930 2962 inter
940 2908 1112 2980 Philippum,
1125 2907 1221 2962 ducem
1233 2908 1407 2981 Burgundio,
1419 2923 1445 2964 et
1456 2907 1620 2964 Gaudcnses.

615 3084 750 3158 Eadem
765 3098 886 3156 autem
901 3097 1112 3182 tempestate
1123 3081 1195 3182 qua
1207 3081 1400 3182 Burdegala
1413 3085 1472 3156 tali
1482 3083 1623 3156 calami·

568 3216 638 3275 tate
650 3224 823 3273 concussa
833 3214 903 3291 est,
917 3199 954 3271 in
967 3199 1036 3272 alia
1047 3201 1153 3285 etiam
1162 3200 1261 3297 regni
1269 3204 1486 3273 Francorum
1499 3214 1621 3274 extre-

569 3319 704 3406 mitate,
724 3316 860 3414 insigne
872 3315 960 3393 illud
970 3317 1145 3415 oppidum
1155 3315 1382 3406 Gandavum,
1398 3331 1485 3390 tuuc
1495 3314 1621 3415 procul

569 3432 680 3505 dubio
705 3432 798 3504 inter
820 3456 947 3504 omnes
966 3430 1162 3504 Galliarum
1181 3429 1289 3520 urbes
1313 3431 1621 3530 opulentissimum

568 3566 675 3648 atque
691 3547 1023 3649 populosissimum‚
1037 3549 1074 3620 in
1092 3570 1238 3646 magnas
1251 3563 1545 3651 aerumnasatque
1558 3573 1622 3622 nn·

569 3667 702 3764 gustias
711 3662 920 3737 devolutum
930 3661 1224 3758 tuir.'cumenim‚
1235 3688 1275 3736 ex
1287 3664 1621 3762 abundantiaopum

570 3796 605 3854 et
613 3782 779 3878 longaerae
786 3779 885 3878 pacis
894 3780 987 3870 otio,
1004 3781 1098 3852 cives
1106 3779 1177 3852 loci
1192 3781 1230 3852 in
1247 3781 1396 3854 nimiam
1413 3774 1622 3854 ellerrentur

569 3894 792 3992 superbiam,
813 3895 862 3965 ita
883 3908 922 3965 ut
937 3917 1039 3992 paene
1064 3917 1192 3966 omnes
1217 3895 1387 3967 mortales
1406 3895 1461 3967 sui
1478 3916 1622 3994 compa·

571 4011 709 4084 ratione
727 4008 827 4107 parri
846 4007 1004 4080 facerent
1019 4022 1126 4104 atque
1143 4023 1439 4100 contemnerent,
1458 4009 1623 4081 adversus

571 4128 679 4199 etiam
704 4125 901 4223 principem
926 4149 1032 4195 suum
1060 4123 1281 4223 Philippum,
1310 4125 1440 4197 ducem
1470 4129 1624 4220 llurgun·

572 4242 737 4328 dionum,
763 4241 933 4312 comitem
951 4238 1125 4312 Flandriae
1143 4239 1369 4339 pluriumque
1392 4239 1540 4314 aliarum
1558 4253 1624 4312 ter·

572 4383 692 4429 rarum
718 4354 895 4428 nobilium
922 4354 1110 4428 dominum
1135 4357 1441 4456 potentissimum,
1469 4355 1623 4428 eervices

614 4567 643 4622 l.
665 4567 706 4622 1ae
720 4563 777 4621 fort
788 4561 829 4621 tlu
840 4565 885 4621 m
897 4574 927 4622 et
944 4561 972 4620 le
987 4563 1108 4624 chtteau
1123 4566 1266 4642 Tropeyte
1278 4579 1318 4621 ou
1328 4564 1492 4643 Trompette
1505 4559 1622 4620 termis

573 4671 612 4711 au
623 4663 868 4712 commencemcnt
875 4649 913 4711 tle
922 4671 956 4712 os
965 4650 1063 4712 sienis.
