3892 5892
700 935 811 995 mua
828 935 1004 1009 QUARTUS
1336 943 1395 1001 2⁴³

334 1063 454 1160 operis
468 1062 730 1135 consummatio
753 1062 940 1152 sineretur,
962 1061 1066 1136 etad
1092 1081 1228 1136 annum
1244 1090 1397 1164 sequen-

333 1193 408 1252 tem
424 1177 636 1252 differretur.
655 1176 809 1267 Quodsi
826 1181 875 1251 ita
894 1179 1015 1252 luisset
1036 1179 1252 1270 lectitatum,
1269 1183 1396 1274 serisi-

333 1295 463 1366 militer
482 1319 558 1366 non
577 1293 689 1365 modo
712 1295 957 1382 Normanniae,
982 1291 1170 1366 sedetiam
1193 1296 1318 1368 vicinis
1341 1321 1395 1370 re·

334 1408 679 1505 gionibusmaximo
699 1408 905 1480 obvenisset
924 1406 1153 1481 detrimento.
1182 1409 1252 1482 Sed
1269 1435 1311 1483 ex
1330 1413 1396 1484 Dei

335 1520 560 1622 providentia
584 1537 790 1622 opportune
819 1535 925 1594 tantae
949 1523 1150 1596 necessitati
1180 1523 1395 1598 subventum

335 1653 401 1710 est.

383 1756 466 1825 Erat
492 1767 569 1825 tum
595 1755 631 1824 in
659 1744 858 1826 ministerio
880 1755 985 1850 regite
1012 1753 1143 1826 domus
1166 1755 1223 1827 vir
1246 1755 1396 1854 quidam

334 1867 439 1942 valde
454 1870 650 1944 industrius
664 1885 700 1943 et
713 1869 905 1968 providus,
917 1869 1074 1943 lacobus
1088 1871 1216 1944 Cordis
1232 1872 1395 1946 nomina·

334 1999 405 2074 tus,
423 1984 510 2057 civis
523 1985 762 2069 Bituricensis‚
782 2009 825 2056 ex
838 1982 981 2083 plebeio
999 2008 1140 2080 genere,
1156 1985 1220 2058 sed
1234 1987 1395 2085 prolecto

335 2097 461 2196 grandi
487 2112 522 2171 et
539 2099 611 2170 aeri
628 2097 794 2194 iugenio,
814 2095 1163 2196 plurimaquebujus
1180 2099 1296 2173 saeculi
1313 2127 1396 2200 pru-

335 2212 456 2285 dentia
470 2211 614 2284 callens.
637 2214 866 2308 Argentarius
879 2213 996 2307 regins
1020 2214 1049 2284 is
1065 2228 1140 2285 erat
1156 2228 1191 2286 et
1209 2217 1393 2308 maximis,

336 2353 426 2425 ques
440 2331 503 2402 diu
521 2343 725 2402 exercuerat
740 2328 998 2426 exercebatque
1014 2329 1209 2422 continuo,
1229 2333 1395 2428 negotia-

336 2447 493 2522 tionibus
506 2448 656 2521 multum
673 2473 738 2548 per
750 2450 872 2521 omnia
889 2448 1020 2548 opibus
1032 2447 1165 2522 ditatus
1182 2463 1217 2520 et
1242 2433 1418 2525 illustra!
1548 2455 1555 2468 '

336 2575 404 2635 tus.
424 2563 561 2635 Primus
576 2563 673 2634 enim
689 2563 853 2636 omnium
866 2567 1086 2635 Francorum
1099 2563 1153 2634 sui
1169 2562 1234 2633 aeri
1249 2561 1395 2660 gallees¹

336 2677 501 2751 instmxit
519 2693 555 2750 et
569 2679 740 2769 armavit,
758 2701 839 2777 quse
857 2691 1084 2777 exportantes
1108 2701 1248 2775 pannos
1273 2677 1395 2752 laneos

336 2809 371 2867 et
381 2795 450 2868 elia
463 2793 645 2867 artificists
656 2818 697 2867 ex
713 2819 825 2891 regno
836 2817 902 2892 per
913 2793 1037 2865 Africae
1047 2805 1083 2864 et
1096 2791 1392 2883 Orientislittora‚

335 2909 507 3008 usquead
526 2907 771 2982 Alexandriam
784 2909 925 3007 AEgypti
941 2907 1168 3004 navigarent,
1187 2919 1222 2978 et
1234 2905 1319 2980 inde
1336 2932 1395 2980 va·

337 3026 410 3098 rios
431 3049 572 3125 pannos
598 3025 645 3098 de
662 3023 796 3114 serico,
814 3039 850 3096 et
866 3024 913 3097 de
935 3024 1037 3096 omui
1062 3023 1167 3095 etism
1192 3037 1394 3095 aromatum

337 3164 482 3237 genere,
499 3141 592 3212 intra
610 3138 821 3212 Rhodanum
839 3137 1070 3228 reveherent;
1090 3162 1169 3233 quae
1185 3160 1259 3242 non
1283 3137 1394 3209 modo

337 3277 401 3352 per
412 3247 661 3344 Gelliam,'sed
673 3277 738 3352 per
748 3252 970 3325 Catalouiam
985 3266 1021 3324 et
1038 3252 1240 3350 provincias
1261 3252 1395 3326 vicinas

337 3382 461 3468 postea
488 3367 746 3456 funderentur,
773 3389 897 3438 earum
918 3365 1042 3437 usibus
1070 3365 1276 3464 prointurae.
1305 3369 1394 3440 Nam

337 3509 402 3582 per
423 3497 527 3571 unte,
546 3505 630 3553 cum
653 3480 689 3554 id
712 3480 822 3576 longo
844 3504 922 3552 aevo
943 3479 1021 3552 fieri
1043 3479 1163 3552 luisset
1187 3473 1391 3570 insolitu‘m',

338 3623 412 3670 non
430 3597 497 3669 nisi
512 3597 662 3669 aliarum
678 3597 837 3692 gentium
861 3595 1078 3684 ministerio,
1098 3607 1137 3666 ut
1153 3597 1391 3684 Venetorum,

337 3739 399 3787 seu
419 3713 652 3786 lanuensium
668 3726 730 3784 aut
746 3711 1088 3801 barcinonensium,
1111 3735 1167 3783 res
1185 3709 1393 3807 hujusmodi

337 3831 375 3902 in
400 3827 515 3901 Gallia
538 3826 774 3900 habebantur.
798 3831 871 3900 llac
887 3828 1008 3924 itsque
1025 3825 1160 3899 navalis
1181 3827 1393 3924 negotiatio·

338 3945 393 4014 nis
418 3940 612 4034 industria,
638 3940 801 4014 maximis
823 3939 954 4040 opibus
979 3939 1075 4014 idem
1099 3927 1254 4014 lacobus
1270 3955 1396 4013 numus

338 4057 451 4130 iuerat
462 4073 499 4131 et
508 4056 781 4156 insignituscui
796 4057 847 4129 rei
860 4055 1048 4154 magnilica
1059 4053 1119 4129 illa
1130 4055 1272 4148 domus,
1285 4079 1393 4155 qnam

338 4174 375 4244 in
391 4197 455 4246 sua
469 4173 611 4263 ciuitate
629 4174 784 4247 breviter
799 4173 1015 4262 construxit,
1035 4169 1311 4244 luculentissime
1329 4171 1394 4243 ad·

339 4287 528 4387 stipulatur
538 4293 571 4376 ’ς
591 4313 670 4386 quse
688 4287 849 4389 prolecto
865 4301 939 4359 tarn
958 4284 1146 4383 magnifica
1162 4300 1196 4358 et
1212 4281 1319 4358 tantis
1335 4311 1396 4358 or-

380 4557 410 4612 l.
433 4557 490 4612 Des
503 4548 614 4632 gilisa
626 4552 749 4630 (galte'es
761 4570 798 4610 en
814 4549 903 4610 rieux
916 4549 1039 4628 smmis
1047 4552 1070 4622 ).

380 4646 410 4706 2.
432 4638 625 4714 Auiourd’lani
640 4638 732 4720 paleis
741 4639 780 4700 de
791 4639 896 4713 josues
908 4651 937 4700 et
949 4637 1029 4700 botei
1042 4637 1080 4698 de
1094 4637 1163 4702 rllle
1176 4637 1213 4700 tle
1226 4642 1369 4722 huga.
