3892 5892
752 962 862 1020 LlBllR
883 961 1084 1021 SECUNDUS.
1405 964 1445 1021 73
1540 911 1545 922 Ι

384 1082 501 1181 jacula
522 1085 560 1157 lu
583 1084 705 1158 hostes
721 1059 913 1183 torquendi
929 1051 993 1158 seu
1009 1084 1180 1179 feriendi,
1203 1085 1256 1158 uti
1272 1086 1366 1159 soliti
1381 1110 1447 1185 per

388 1200 486 1299 prius
504 1199 661 1295 fuerant,
682 1200 870 1274 ullomodo
887 1226 1068 1274 assumere
1084 1215 1245 1301 possent.

740 1455 1095 1571 mmmm

387 1698 533 1769 Quomodo
547 1718 563 1755 a
578 1700 685 1754 Francia
697 1702 746 1755 rub
759 1698 858 1754 ducatu
869 1700 965 1754 Puellae
973 1701 1079 1775 Anglici
1089 1720 1122 1755 ex
1134 1699 1242 1775 oppidis
1252 1699 1347 1755 ricini·
1357 1703 1448 1755 Aure-

441 1790 565 1845 lianensis
576 1789 650 1845 urbis
663 1790 738 1861 ejecti
754 1800 815 1843 runt
827 1802 853 1843 et
863 1789 958 1863 prelio
968 1790 1033 1843 victi
1043 1789 1072 1843 in
1085 1788 1275 1863 campestribus
1284 1787 1385 1844 llelcic.

437 1977 482 2045 Et
503 1974 675 2071 quoniam
696 1972 923 2073 plerumque,
939 1986 1101 2071 utpoeta
1123 1974 1236 2063 canit,
1257 2001 1274 2040 u
1295 1971 1451 2071 geminat

390 2088 536 2163 victoria
565 2089 677 2179 vires,
701 2116 720 2157 u
748 2112 990 2188 prosperaque
1013 2089 1154 2161 animos
1182 2089 1355 2180 efferunt,
1382 2088 1451 2161 hac

388 2188 1455 2302 victoriavegetatiFrancorumanimi,subejusrlemloannae

389 2317 520 2391 ducatu
533 2334 569 2392 et
581 2320 727 2393 illustris
738 2320 879 2393 comitis
888 2321 1085 2412 Dunensis‚
1099 2320 1161 2417 qui
1173 2344 1215 2391 ex
1231 2318 1331 2390 omni
1344 2323 1452 2389 Frao-

389 2458 515 2507 corum
544 2435 668 2507 militia
695 2451 773 2507 tum
804 2437 841 2509 in
871 2435 972 2508 ducis
996 2450 1071 2507 tum
1096 2436 1133 2506 iu
1158 2433 1279 2506 militis
1301 2457 1451 2506 munere

388 2554 612 2649 praestantior
642 2552 864 2646 habebatur,
893 2552 1011 2625 vicina
1042 2551 1177 2651 oppida
1203 2564 1311 2647 atque
1338 2562 1452 2621 castra

388 2692 496 2767 supra
513 2668 646 2741 flumen
665 2670 796 2765 Ligeris
813 2670 919 2743 etiam
936 2691 1148 2767 recuperare
1163 2665 1390 2738 studuerunt.
1408 2668 1452 2735 Et

389 2798 544 2855 castrum
559 2785 705 2883 quidem
720 2786 766 2859 de
778 2790 953 2885 Gergeou,
968 2786 1005 2857 in
1021 2810 1095 2883 qno
1106 2806 1215 2882 supra
1227 2782 1453 2879 octingentos

390 2898 524 2997 Anglici
549 2924 586 2973 se
610 2916 834 3000 receperant,
854 2902 961 2974 armis
983 2915 1090 2999 atque
1107 2898 1246 2972 insultis
1268 2921 1453 2995 expugna-

389 3027 467 3085 tum
480 3014 561 3106 luit,
573 3016 670 3087 caesis
682 3018 865 3115 captisque
878 3019 1025 3091 armatis
1040 3016 1102 3115 qui
1114 3015 1185 3087 illic
1201 3013 1338 3086 inventi
1354 3026 1449 3084 suut.

389 3132 523 3230 Captus
547 3130 596 3203 ibi
617 3132 681 3203 suit
708 3156 830 3203 comes
852 3132 1050 3220 Sullolciae,
1077 3145 1114 3203 et
1144 3131 1220 3228 ejus
1242 3152 1451 3226 germanus,

389 3243 559 3319 dominus
575 3247 622 3320 de
640 3248 812 3345 Lopoule‚
834 3250 1099 3346 interemptus¹.

438 3365 556 3450 Quam
568 3364 721 3449 cladem,
732 3388 840 3462 supra
852 3364 1012 3462 priorem
1028 3362 1124 3461 apud
1136 3362 1355 3451 Aurelianos,
1370 3384 1454 3432 curn

392 3477 525 3575 Anglici
548 3478 754 3567 subiissent,
775 3478 978 3550 diffidentes
995 3503 1100 3578 posse
1122 3477 1192 3549 alia
1214 3474 1347 3574 oppida
1370 3476 1456 3547 reti-

392 3616 494 3683 nere,
513 3608 553 3665 ut
565 3594 753 3666 Modinum
763 3596 774 3633 ¹
786 3607 821 3665 et
835 3597 1034 3693 Bangencr',
1051 3594 1102 3665 eis
1116 3592 1244 3665 relictis
1261 3607 1333 3664 eta
1349 3595 1457 3663 Fran·

391 3710 441 3781 cis
465 3712 636 3811 receptis,
664 3736 739 3786 sese
767 3726 806 3783 ut
836 3710 963 3783 melius
992 3722 1208 3809 potuerunt,
1237 3708 1300 3805 qui
1329 3707 1455 3803 reliqui

392 3841 509 3917 erant,
529 3828 565 3898 iu
584 3852 698 3899 uuum
715 3852 840 3925 agmen
858 3841 1046 3924 cogentes,
1064 3851 1129 3924 per
1145 3824 1317 3912 Beleiaru,
1333 3846 1457 3895 versus

391 3942 588 4013 Carnotum
607 3956 643 4015 et
662 3942 936 4030 Normanniam,
955 3940 1023 4013 iter
1045 3954 1225 4013 maturare
1247 3951 1453 4035 coeperuut,

392 4058 526 4155 experti
550 4082 625 4131 uon
650 4081 758 4155 parua
776 4058 829 4129 sui
843 4055 984 4153 jactura
1000 4055 1132 4151 ligeris
1154 4056 1250 4155 ripas
1272 4066 1391 4128 tutum
1408 4052 1458 4123 eis

393 4169 617 4243 domicilium
633 4173 786 4271 amplius
805 4196 878 4243 non
898 4184 1076 4271 praestare.
1092 4174 1183 4242 Cum
1197 4194 1283 4240 vero
1300 4167 1338 4239 id
1353 4172 1458 4238 Fran·

393 4309 456 4357 cos
472 4286 620 4358 minime
639 4284 817 4377 latuisset,
835 4287 898 4383 qui
915 4285 1096 4383 quotidie,
1115 4282 1273 4357 secunda
1289 4276 1357 4355 sibi
1375 4282 1459 4354 arri·

393 4398 500 4472 dente
526 4398 686 4493 fortuna,
705 4401 855 4476 audacia
878 4402 1088 4475 crescebant
1111 4415 1147 4474 et
1164 4399 1319 4491 viribus,
1337 4423 1458 4471 rerum

434 4595 463 4656 l.
489 4590 616 4651 Willirm
627 4590 709 4665 Pole,
720 4606 814 4653 comte
827 4594 865 4654 tle
877 4593 1000 4669 Suliolk,
1009 4608 1039 4657 et
1047 4614 1101 4655 sou
1113 4594 1190 4655 frere
1202 4593 1367 4654 Alexandr-e
1374 4590 1456 4651 Pole.

434 4685 464 4741 Ξ.
488 4682 753 4741 Meno-sur-Loire.
797 4698 800 4707 ·
