3892 5892
519 896 556 955 tta
803 892 1060 950 ulstomnlttnt
1078 890 1216 958 canon
1234 890 1287 947 vn

518 1016 635 1108 enim,
655 1030 738 1087 ante
758 1013 843 1086 belli
872 1013 1079 1105 exordium,
1100 1012 1173 1084 dux
1195 1010 1405 1085 Bethsordiae
1422 1036 1486 1109 per
1507 1010 1574 1083 he-

518 1128 659 1202 raldum
680 1130 895 1202 sciscitatum
917 1129 1068 1201 misisset
1089 1131 1279 1202 Scotorum
1300 1127 1410 1200 duces
1430 1124 1575 1223 qualem

518 1244 602 1317 belli
617 1245 861 1325 conditionem
877 1225 939 1315 illo
955 1244 1015 1316 die
1041 1244 1231 1329 observare
1248 1255 1507 1342 proponerent,
1524 1240 1575 1324 illi

518 1361 564 1433 de
580 1366 652 1434 suis
665 1349 799 1433 uiribus
810 1375 916 1457 atque
928 1360 1153 1433 multitudine
1164 1375 1374 1457 arroganter
1386 1358 1576 1459 sentientes

518 1478 554 1551 et
568 1479 672 1549 nimis
683 1492 815 1551 temere
829 1494 1094 1574 praesumentes,
1108 1476 1271 1549 seruntur
1284 1474 1509 1575 respondisse
1522 1496 1573 1563 se,

519 1595 580 1666 illo
598 1593 668 1683 die,
688 1619 755 1665 nec
772 1593 957 1687 anglicum
969 1596 1152 1693 captivum
1165 1617 1412 1685 ,servare,1nec
1425 1616 1463 1664 se
1476 1592 1576 1661 vivos

518 1709 712 1803 auglorum
730 1710 888 1808 captivos
900 1707 1031 1781 abduci
1040 1708 1143 1782 velle.
1160 1700 1269 1796 Quod
1283 1732 1495 1807 responsum
1511 1710 1577 1778 Au·

517 1823 660 1920 giorum
673 1824 814 1898 animos
829 1824 877 1895 in
898 1849 1026 1896 eorum
1048 1825 1174 1898 odium
1200 1839 1306 1924 atque
1328 1848 1453 1897 necem
1468 1816 1577 1895 vehe-

517 1953 656 2011 menter
671 1939 846 2033 accendit,
871 1940 908 2012 in
927 1965 1074 2039 eosque,
1095 1965 1207 2040 quam
1222 1942 1273 2013 eis
1292 1938 1421 2015 inferre
1441 1961 1576 2037 propo·-

517 2069 674 2147 suerant,
692 2054 808 2149 uicem
826 2054 970 2129 refudit.

873 2381 1129 2452 CAPlTULUM
1154 2382 1212 2451 lV.

553 2583 634 2653 Quod
645 2584 783 2639 infelicitas
800 2581 956 2657 hujusmodi
973 2584 1057 2655 prelii
1072 2582 1196 2639 nonnihil
1210 2582 1347 2637 commodi
1358 2584 1446 2638 attulit
1460 2601 1543 2656 regno

961 2672 1135 2729 Francorum.

568 2866 784 2957 Quanquam
811 2824 932 2934 autem
957 2860 1208 2958 hujuscemodi
1231 2864 1390 2964 praelinm
1410 2888 1484 2936 nou
1514 2889 1578 2963 pa·

521 3000 602 3046 rum
634 2974 849 3047 damnosum
888 2976 1097 3074 exitialeque
1123 2977 1228 3051 suerit
1252 2982 1414 3074 Francis,
1443 2997 1576 3071 mmeu,

518 3107 629 3191 prout
646 3091 721 3190 ipse
743 3116 835 3189 saepe
855 3119 877 3165 a
895 3093 1177 3192 prudentissimis
1193 3101 1412 3170 Francorum
1428 3094 1580 3172 ducibus

522 3207 738 3299 audivimus,
761 3212 953 3281 Scotorum
982 3236 1070 3284 nece
1096 3236 1138 3285 ac
1162 3212 1373 3311 perditione,
1405 3213 1580 3286 damnum

522 3324 622 3422 quod
651 3325 877 3399 incurrerant
896 3328 981 3401 satis
1003 3345 1231 3427 repensatum
1256 3344 1320 3402 est.
1350 3333 1460 3401 ‘lanta
1481 3329 1580 3401 euim

522 3442 800 3540 presumptione
828 3466 870 3515 ac
895 3443 1045 3517 audacia
1066 3444 1270 3517 ferebantur
1288 3445 1398 3535 Scoti,
1420 3444 1513 3517 vires
1537 3467 1579 3516 ac

522 3557 720 3657 potentiam
734 3561 951 3631 Francorum
973 3572 1243 3635 contemnentes
1259 3572 1294 3631 et
1312 3584 1379 3657 pro
1398 3559 1511 3632 nihilo
1527 3584 1582 3632 re·

525 3687 712 3770 putantes,
742 3696 822 3768 quae
842 3671 1024 3769 jamtum
1049 3698 1092 3746 er
1117 3675 1280 3748 civilibus
1294 3690 1372 3748 tum
1391 3675 1580 3748 hostilibus

523 3784 625 3861 bellis
638 3785 834 3886 plurimum
850 3788 976 3861 attritae
987 3788 1232 3889 depressaeque
1249 3794 1468 3878 exstiterant,
1480 3788 1580 3889 quod

451 3974 454 3983 ,
524 3892 646 3975 animo
660 3917 934 4001 proposuerant,
951 3904 979 3976 si
990 3905 1119 4002 lnglos
1134 3908 1170 3978 iu
1186 3907 1247 3983 illo
1265 3907 1385 4009 praelio
1402 3908 1581 4006 protrivis-

525 4033 617 4107 sent,
631 4016 770 4089 nobiles
782 4040 908 4089 omnes
924 4018 1146 4117 ludegaviae,
1165 4022 1330 4094 Turoniae
1346 4037 1381 4094 et
1396 4022 1535 4094 Bituriae
1545 4034 1581 4093 et

524 4137 724 4209 vicinarum
738 4150 926 4225 terrarum,
946 4139 1009 4234 qui
1032 4137 1157 4235 reliqui
1181 4154 1294 4231 erant,
1312 4142 1502 4238 perimere,
1517 4164 1580 4212 eo·.

512 4274 677 4349 ,rumque
691 4250 833 4341 domos,
853 4275 982 4324 uxores
997 4278 1039 4336 ac
1060 4268 1185 4344 terras,
1203 4269 1238 4327 et
1258 4258 1498 4353 possessiones
1508 4254 1582 4353 opi·

526 4390 601 4437 mas
619 4392 685 4439 suo
696 4367 770 4465 juri
783 4392 825 4440 ac
841 4367 1004 4440 dominio
1019 4370 1236 4469 mancipare.
1248 4370 1355 4459 Quod
1370 4368 1497 4470 procul
1513 4366 1581 4441 du·

524 4478 586 4553 bio
601 4508 675 4554 non
695 4483 837 4557 difficile
852 4484 901 4555 eis
918 4485 1071 4558 multum
1085 4484 1178 4559 factu
1196 4484 1329 4580 luisset,
1348 4488 1378 4559 si
1388 4511 1461 4587 pro
1478 4499 1579 4575 voto,

523 4598 732 4696 hujusmodi
747 4603 868 4700 prelio
883 4604 1077 4703 peremptis
1093 4618 1201 4705 atque
1217 4604 1396 4679 exstinctis
1414 4602 1579 4701 Anglicis,
