3892 5892
752 856 1064 933 mensurus.
1180 842 1181 845 ‘
1384 866 1443 927 ιιι

384 984 596 1059 admoneret
612 998 654 1057 ut
677 984 923 1081 unnsquisque
949 986 987 1059 in
1011 1006 1055 1058 en
1082 1002 1241 1059 maneret
1258 991 1444 1065 rnesbone
1480 982 1484 992 '

385 1126 457 1199 qna
470 1114 619 1175 vocatus
630 1116 697 1194 est,
713 1114 749 1172 et
763 1098 927 1173 dixissett
944 1130 962 1172 α
977 1105 1108 1200 Servus
1121 1116 1270 1178 recatus
1291 1124 1343 1199 es,
1368 1128 1448 1181 ιιοιι

384 1218 431 1307 sit
444 1202 510 1291 tibi
524 1232 649 1308 cure,
641 1246 668 1284 ι
687 1216 983 1315 statimsubjieit.
999 1246 1017 1285 ι
1037 1218 1113 1309 sed,
1132 1220 1160 1291 si
1176 1234 1292 1319 potes,
1308 1220 1442 1321 inquit,

385 1330 463 1405 [ieri
477 1332 569 1406 liber
571 1332 712 1431 ,magis
729 1347 844 1405 utere.
860 1358 879 1401 ιι

434 1446 577 1521 Liberi'
567 1449 687 1546 igitur,
700 1447 853 1521 libenter
868 1460 904 1521 et
929 1446 1146 1545 gratulanter
1161 1453 1320 1525 utilitatis
1339 1478 1446 1530 nausa

381 1566 476 1663 juste
491 1580 528 1638 et
547 1566 730 1663 legitime
720 1566 911 1664 imperanti
926 1586 1132 1665 pareamus,
1153 1564 1287 1643 subditi
1304 1582 1339 1642 et
1361 1570 1447 1644 sub·

382 1682 468 1781 jeeti
490 1682 614 1755 simun
638 1686 711 1754 Nun
721 1682 817 1779 juste
829 1704 917 1753 vern
932 1704 1051 1781 neque
1067 1683 1236 1780 legitime,
1250 1706 1369 1783 neque
1384 1690 1449 1761 uti·

386 1797 493 1869 litatis
505 1798 711 1870 communis
724 1816 849 1888 causa,
868 1796 931 1868 sed
947 1796 994 1869 ad
1013 1800 1234 1873 eversionem
1254 1805 1363 1875 totius
1378 1806 1448 1878 rei·

386 1912 538 2011 publice
555 1912 605 1987 nb
621 1934 704 1985 snas
714 1911 901 1984 dnmlaxat
910 1912 1081 2010 privatas,
1095 1916 1236 2013 iniquas
1251 1932 1287 1989 et
1302 1918 1450 2016 injustas

387 2028 592 2101 affectiones
604 2028 807 2128 imperanti,
820 2041 856 2097 et
867 2018 994 2099 nmnes
1006 2028 1040 2097 in
1059 2030 1226 2102 miseram
1243 2035 1448 2107 servitutem

387 2144 547 2241 redigere
563 2143 720 2231 volenti,
740 2142 856 2213 multo
868 2142 998 2238 justius
1020 2166 1096 2215 non
1120 2166 1306 2241 paremus,
1332 2148 1360 2219 si
1383 2170 1450 2247 pos

388 2274 495 2333 restas
523 2259 616 2331 ndsit
647 2257 869 2349 reluctandi,
897 2280 1008 2357 quarn
1021 2260 1064 2329 ·si
1085 2282 1151 2357 per
1167 2262 1376 2358 patientiam
1398 2266 1452 2335 in·

388 2376 500 2449 ιὶιιιιιι
519 2398 601 2448 snas
622 2375 862 2471 iniquissimas
882 2389 920 2447 et
937 2370 1266 2450 deordinatissimns
1288 2376 1453 2453 libidines

389 2507 426 2566 et
440 2492 680 2593 cupiditates,
697 2492 796 2565 velut
811 2490 1067 2590 approbando,
1086 2492 1301 2564 foveremus.

436 2609 519 2681 llaen
533 2622 653 2681 autent
657 2606 844 2705 ‚quedam
862 2606 975 2679 modo
993 2620 1091 2680 extra
1107 2620 1278 2707 susceptu
1290 2605 1452 2683 nllinium

389 2723 563 2815 historie,
580 2747 602 2797 a
617 2723 724 2800 uobis
739 2723 811 2797 boc
826 2723 937 2796 loen
926 2738 1059 2795 inserta
1076 2738 1183 2815 sunt,
1202 2746 1286 2795 eum
1306 2724 1454 2797 ordina·

389 2841 525 2913 tionem
540 2840 578 2913 in
595 2840 721 2914 militia
735 2839 920 2913 Gallicane
935 2840 1105 2938 positam,
1123 2839 1211 2911 dum
1227 2840 1376 2913 Carolus
1392 2862 1453 2913 rex

389 2956 627 3053 lutheringiae
641 2955 732 3027 fines
740 2954 921 3046 adivisset,
937 2954 1212 3053 descripsimus,
1232 2970 1272 3027 ut
1290 2955 1456 3029 ostende·

391 3096 525 3161 remus,
541 3066 749 3149 nnnmndn
760 3070 908 3159 utiliter,
928 3070 992 3141 sed
1008 3072 1280 3169 prmneeessarie
1301 3084 1390 3143 tunc
1405 3072 1455 3145 ita

392 3187 497 3261 inisse
517 3186 673 3267 iactum,
691 3199 824 3257 etnam
840 3184 1005 3255 militiam
1026 3184 1192 3257 debuisse
1210 3186 1256 3257 ad
1276 3189 1454 3286 stipendia

391 3303 535 3377 retineri
565 3302 688 3398 quoad
720 3300 842 3373 bostes
876 3300 977 3397 regni
1010 3322 1053 3371 ex
1091 3304 1310 3373 Nnrmannia
1348 3318 1455 3402 atque

393 3418 578 3516 Aquitania
595 3417 739 3515 penitus
750 3416 896 3489 suerum
906 3416 1009 3513 ejecti
1022 3442 1032 3507 ς
1051 3440 1130 3489 enm
1144 3438 1232 3489 vero
1247 3418 1364 3491 iacere
1376 3444 1456 3521 per·

391 3547 559 3633 petuam,
577 3530 772 3604 desistente
788 3545 825 3604 at
841 3530 941 3605 nulla
958 3542 1109 3627 cogente
1127 3533 1354 3626 necessitate,
1373 3546 1454 3605 tan·

390 3663 489 3742 tam,
507 3658 642 3744 quante
656 3637 694 3719 et
708 3646 907 3720 necessaria
933 3660 970 3719 et
990 3642 1169 3719 sufficiens
1187 3646 1252 3720 luit
1277 3648 1324 3721 ad
1344 3672 1454 3721 recu-

390 3763 588 3864 perandum
597 3762 644 3836 ab
652 3763 819 3835 hostibus
829 3762 1086 3834 llnrmanniam
1095 3776 1202 3861 atque
1214 3765 1453 3863 Aquitaniam,

392 3894 429 3953 st
443 3881 599 3956 retinere
622 3876 670 3953 nd
691 3894 766 3952 tam
783 3900 913 3976 magna
930 3876 1107 3978 stipendia
1132 3878 1168 3950 in
1192 3893 1337 3979 panset
1360 3880 1452 3967 otio,

392 3997 627 4092 quantumin
651 3995 788 4068 bellicis
811 3992 1100 4093 expeditionibus
1129 3994 1288 4068 habituri
1317 3996 1454 4085 iurent,

394 4110 485 4183 nibil
497 4112 595 4186 aliud
613 4134 814 4209 essequam
824 4134 977 4207 regnum
993 4123 1175 4209 perpetum
1193 4110 1369 4206 subjicere
1385 4134 1458 4183 ser·

393 4226 495 4297 vituli
516 4241 588 4299 tam
615 4228 833 4302 tributorum
857 4251 967 4325 quam
988 4224 1307 4313 innumerabilium
1338 4228 1458 4299 malo-

362 4380 366 4387 -
393 4366 475 4416 rum
492 4357 600 4439 atque
621 4343 961 4431 incommodatum,
978 4366 1135 4439 quorum
1151 4366 1194 4413 ex
1208 4342 1328 4415 multis
1343 4367 1459 4441 pauca

394 4453 580 4531 dumtaxat
594 4482 704 4557 supra
718 4459 917 4533 retulimus.
936 4462 1010 4531 ttec
1029 4458 1127 4529 enim
1143 4456 1215 4529 ulle
1227 4458 1381 4555 justitia,
1395 4460 1459 4533 ut-

395 4572 475 4647 lave
488 4597 560 4673 pax
574 4592 659 4645 rsra
674 4586 710 4654 et
725 4571 854 4663 solida,
869 4572 941 4648 ulla
951 4570 1098 4645 libertas
1114 4572 1181 4643 erit
1195 4574 1232 4645 in
1249 4594 1381 4672 regno;
1397 4574 1459 4648 sed
