3892 5892
711 913 1013 992 amaxouurms.
1312 869 1391 980 ¹sss

383 1040 624 1121 Desoendetat
638 1055 759 1118 autem
777 1041 872 1116 idem
888 1043 961 1116 dux
970 1043 1230 1132 summerseti,
1249 1045 1333 1142 qui,
1352 1059 1393 1118 ut

333 1155 575 1254 praediximus,
593 1157 659 1231 fuit
680 1159 893 1251 exstinctus,
913 1158 959 1232 de
975 1183 1104 1258 genere
1119 1173 1154 1231 et
1170 1159 1282 1234 domo
1298 1165 1392 1234 len·

333 1273 492 1363 castrioe3
508 1297 602 1369 quos
614 1273 766 1349 Eboraci
781 1275 868 1367 dux,
882 1274 929 1348 ad
942 1299 1092 1372 regnum
1106 1276 1278 1374 aspirans,
1297 1276 1392 1350 velut

334 1383 589 1460 bostesanimo
602 1387 759 1484 gerebat,
770 1402 807 1462 et
822 1387 905 1461 ideo
919 1401 959 1462 ut
970 1388 1175 1462 ambitionis
1189 1413 1261 1464 sua
1277 1390 1390 1464 fructu

333 1500 530 1598 aliquando
542 1503 651 1602 potiri
663 1525 796 1603 posset,
813 1503 876 1601 qui
891 1502 938 1576 de
952 1504 1014 1578 illa
1031 1505 1162 1578 familia
1179 1519 1293 1596 erant,
1313 1532 1393 1606 per·

333 1614 451 1689 ditum
466 1617 510 1690 iri
525 1618 719 1716 satagebat,
737 1634 775 1691 ut
790 1643 854 1717 per
868 1616 1117 1715 hujuscemodi
1137 1619 1231 1694 velut
1243 1645 1389 1721 praeam-

335 1729 421 1805 bula
439 1757 481 1804 ac
495 1735 767 1833 praeparatoria,
787 1732 925 1806 auxiliis
942 1750 978 1807 et
993 1736 1170 1808 columnis
1190 1737 1263 1810 suis
1279 1737 1392 1812 desti·

335 1860 469 1940 tutam,
487 1849 619 1947 regiam
640 1862 766 1948 postea
782 1847 934 1920 domum
954 1851 1149 1924 invaderet.
1172 1851 1242 1926 Sed
1258 1877 1333 1926 non
1354 1854 1391 1926 in

335 1963 484 2059 longum
500 1963 588 2036 abiit
603 1963 704 2061 quod
717 1963 890 2036 ilenricus
907 1987 992 2054 rex,
1010 1989 1117 2062 quem
1131 1965 1203 2040 dux
1216 1965 1389 2061 Eboraci,

336 2077 433 2150 velut
442 2079 661 2175 gubernator
668 2101 711 2150 ac
721 2076 926 2150 moderator
935 2079 1045 2150 totius
1057 2082 1171 2176 regni,
1188 2082 1391 2156 bondonias

336 2193 545 2284 adduxerat,
555 2208 592 2266 et
603 2217 687 2266 cum
699 2191 852 2291 [quoin]
862 2195 1392 2294 magnotrinmpbolondonias

336 2309 548 2397 intraverat,
567 2308 732 2380 manibus
747 2307 906 2405 ejusdem
923 2307 1025 2380 ducis
1040 2307 1205 2408 elapsus,
1224 2311 1260 2382 in
1279 2313 1392 2410 pristi-

337 2446 422 2495 nam
444 2448 521 2495 sese
545 2420 737 2495 vindicavit
752 2421 967 2495 libertatem.
989 2424 1153 2511 Quaeres
1175 2423 1290 2498 eidem
1308 2425 1392 2498 duci

337 2535 508 2628 Eboraci,
525 2537 619 2610 male
644 2535 712 2610 sibi
732 2539 878 2610 conscio
896 2561 963 2637 pro
989 2537 1236 2612 interlectione
1258 2540 1391 2639 praeiati

335 2652 437 2726 ducis
452 2653 697 2743 summerseti,
715 2665 752 2726 et
767 2652 845 2726 aliis
862 2651 983 2724 multia
999 2676 1079 2751 quae
1093 2653 1176 2726 satis
1192 2653 1392 2729 inconsulte

334 2785 470 2868 egerat,
489 2795 564 2843 non
576 2793 702 2870 parurn
715 2769 863 2868 periculi
878 2769 1086 2867 timorisque
1101 2770 1250 2863 invexit,
1261 2771 1392 2870 quibus

335 2885 545 2986 superandis
559 2902 667 2986 atque
682 2884 887 2959 evincendis
900 2884 1061 2977 studens,
1080 2885 1207 2958 iterum
1220 2901 1391 2986 quantam

336 3002 453 3099 potuit
480 3001 631 3075 militurn
659 3016 765 3096 atque
790 2999 981 3074 satellitum
1003 3025 1150 3074 manum
1176 3005 1387 3100 aggregavit.

337 3119 365 3186 li
380 3116 522 3188 diverso
537 3117 644 3188 etiam
656 3115 830 3187 Heoricus
842 3140 924 3205 ras,
943 3115 1088 3188 obviam
1102 3116 1134 3190 ei
1153 3117 1389 3216 prolecturus,

336 3233 530 3304 exercitum
540 3229 699 3302 validum
711 3227 870 3326 undique
879 3228 1040 3326 collegit;
1054 3255 1136 3302 cum
1149 3257 1223 3328 quo
1235 3235 1388 3308 exercitu

335 3344 453 3442 ipsum
469 3343 600 3417 ducem
614 3354 837 3442 prosecutus,
847 3365 930 3414 cum
941 3365 1068 3416 manus
1078 3345 1170 3439 regis
1182 3369 1285 3442 posse
1301 3347 1392 3420 eiiu-

336 3482 419 3556 gere
429 3457 649 3558 desperaret,
663 3459 865 3530 interventu
882 3471 989 3554 atque
1004 3459 1205 3557 patrocinio
1219 3484 1391 3557 quorum·

336 3573 420 3648 dam
439 3597 628 3674 procerum
647 3587 755 3669 atque
779 3571 1028 3670 prelatorum,
1056 3572 1103 3646 ad
1125 3575 1272 3672 gratiam
1297 3577 1389 3673 ejus-

335 3688 422 3760 dem
436 3688 530 3786 regis
545 3686 661 3760 redire
677 3685 849 3784 quaesivit.
872 3689 945 3759 llex
959 3699 1080 3760 autem
1101 3687 1287 3779 Henricus,
1306 3715 1389 3762 cum

335 3820 462 3878 natura
479 3803 658 3902 benignus
672 3813 779 3900 atque
793 3799 1087 3876 clementissimus
1102 3819 1214 3894 esset,
1236 3805 1391 3903 postula·

336 3937 409 4026 tam
425 3945 498 3995 ase
513 3917 794 3993 misericordiam
812 3943 890 3991 non
904 3919 1068 4016 negavit,
1084 3919 1147 3992 sed
1168 3919 1284 3992 eidem
1305 3919 1388 3994 duci

336 4037 588 4136 benignissime
604 4033 777 4126 indulsit,
803 4033 1052 4133 fidelitatisque
1077 4034 1115 4106 in
1134 4049 1239 4110 antea
1262 4035 1389 4110 melius

336 4153 567 4227 observandae
577 4151 624 4226 ab
639 4175 684 4224 eo
700 4151 828 4224 iterum
841 4165 1101 4223 sacramentum
1115 4151 1263 4251 accepit
1282 4153 1389 4226 Duxit

336 4281 455 4340 autem
473 4292 532 4340 rex
554 4269 672 4368 ipsum
691 4264 921 4356 londonias,
941 4263 1250 4361 quemadmodum
1267 4281 1302 4338 et
1324 4293 1389 4366 per

336 4398 418 4458 ante
435 4407 575 4481 regem,
590 4399 628 4456 ut
638 4383 815 4472 diximus,
833 4379 910 4478 ipse
926 4378 1134 4453 adduxerat.
1150 4385 1266 4470 Quem
1279 4383 1386 4454 etiam

336 4523 394 4591 se,
407 4498 508 4572 nudo
523 4499 652 4598 capite,
666 4495 864 4570 interduos
879 4519 941 4566 seu
962 4494 1127 4594 praelatos
1144 4519 1206 4568 seu
1224 4521 1388 4596 proceres

336 4613 495 4690 medium
512 4612 798 4711 adequitantem,
817 4609 931 4683 voluit
946 4607 1166 4708 precedere,
1186 4625 1226 4684 ut
1251 4611 1387 4688 civibus
