3892 5892
575 939 633 996 296
863 934 1118 996 HISTORIARUM
1138 933 1274 994 cauom
1294 935 1345 992 v11

912 1203 1168 1276 CAPlTULUM
1194 1206 1286 1274 XVl.

577 1389 697 1459 Qualiter
707 1389 829 1457 Carolus,
841 1391 1005 1444 Francorum
1015 1408 1078 1456 rex,
1092 1408 1153 1443 cum
1165 1388 1293 1453 Heni-ico,
1302 1386 1452 1460 Anglorum
1465 1403 1539 1459 rege,
1548 1389 1633 1454 nepotc

612 1490 675 1538 sno,
690 1470 789 1525 foedera
806 1472 905 1525 habere
923 1471 1073 1538 inchoavit,
1087 1483 1113 1524 et
1126 1489 1186 1542 qua
1200 1467 1323 1524 eumdem
1341 1469 1490 1524 Henricum
1503 1477 1634 1540 propterea

613 1551 747 1606 unnim
760 1551 794 1606 sit
802 1563 901 1605 remu.

628 1727 700 1794 Nec
715 1748 825 1817 vero,
843 1737 898 1795 tot
912 1721 1065 1820 ligantiis
1081 1721 1241 1821 undique
1257 1721 1469 1817 conquisitis
1484 1718 1635 1818 (praser-

579 1839 752 1911 timeum
780 1837 877 1911 illam
900 1839 1090 1911 maximam
1119 1853 1154 1911 ct
1171 1837 1424 1912 validissimam
1452 1859 1539 1908 cum
1563 1849 1634 1923 rege

580 1959 832 2050 Hungarorum
842 1953 1015 2045 habitam,
1033 1979 1133 2053 paene
1149 1967 1187 2024 ut
1204 1969 1315 2052 caepta
1327 1967 1415 2046 erat,
1432 1951 1634 2026 exstinctam

581 2069 688 2141 luisse
700 2065 943 2170 conspiceret)
954 2095 1020 2142 suo
1034 2083 1203 2170 reputans
1219 2069 1396 2141 desiderio
1410 2065 1634 2143 satisfactum,

578 2185 690 2256 etiam
726 2210 811 2256 cum
844 2185 1040 2282 Anglorum
1071 2209 1152 2284 rege
1184 2185 1367 2275 Henrico,
1402 2182 1539 2256 sororis
1575 2195 1637 2270 sua?

583 2300 657 2374 filio
678 2303 760 2416 (qui
791 2305 965 2376 Henricus
994 2303 1102 2374 etiam
1132 2302 1362 2394 matrimonio
1397 2300 1552 2372 duxerat
1576 2311 1638 2363 suae

582 2418 745 2517 conjugis
766 2435 928 2518 neptem,
954 2417 1061 2490 liliam
1089 2419 1230 2510 chati,
1251 2418 1342 2516 regis
1372 2417 1520 2504 Siciliae,
1539 2415 1637 2482 Fran·

583 2558 709 2606 corum
727 2536 856 2630 reginae
873 2532 1021 2629 fratris),
1041 2533 1233 2606 amicitiam
1256 2531 1438 2630 quaesivit;
1459 2547 1497 2604 et
1514 2529 1593 2625 lieet
1607 2519 1637 2588 5¹¹

584 2665 709 2746 treuga
726 2649 788 2722 diu
814 2675 897 2721 cum
915 2648 1213 2746 Burgundionum
1236 2647 1328 2720 duce
1354 2647 1451 2719 idem
1475 2639 1640 2718 Heuricus

585 2752 747 2855 vixisset,
762 2765 875 2836 loedus
892 2780 1011 2836 tamen
1030 2790 1113 2838 cum
1135 2791 1178 2840 eo
1195 2765 1270 2864 ipse
1289 2762 1438 2836 Carolus
1462 2753 1638 2860 quoddam

586 2879 719 2950 habere
736 2879 936 2970 inchoavit,
961 2894 1018 2969 et,
1038 2895 1077 2951 ut
1093 2904 1175 2950 cum
1200 2879 1246 2951 ab
1270 2879 1424 2952 amicitia
1441 2877 1545 2950 ducis
1562 2876 1641 2942 nur·

586 2992 811 3088 gundionum
831 2991 1073 3084 abstraheret,
1098 2993 1144 3066 ad
1169 2994 1361 3068 amicitiam
1378 3017 1502 3065 secum
1523 3003 1641 3062 coeun-

588 3104 672 3176 dam
689 3103 843 3203 pellexit.

636 3225 720 3292 Erat
739 3235 817 3328 tum
837 3237 948 3294 status
975 3223 1086 3325 ipsius
1111 3225 1255 3297 Henrici
1282 3225 1396 3321 regis,
1415 3236 1566 3322 propter
1582 3213 1642 3284 lac·

587 3337 704 3408 tiones
733 3338 974 3432 quorumdam
1003 3362 1196 3437 procerum
1222 3339 1322 3436 regui
1350 3339 1425 3430 sui,
1457 3328 1640 3436 praesertim

590 3451 692 3524 ducis
720 3451 870 3525 Eboraci
898 3469 934 3526 et
961 3455 1104 3526 comitis
1129 3455 1174 3527 de
1203 3455 1412 3547 Warthan
1435 3461 1642 3540 suarumque

590 3570 745 3667 partium
764 3570 963 3663 lautorum,
981 3571 1252 3668 quodammodo
1272 3569 1519 3644 mutabundus
1539 3578 1573 3640 et
1589 3581 1642 3632 va·

591 3683 738 3755 cillans:
760 3685 1023 3784 propterquod
1041 3686 1174 3758 auxilio
1191 3712 1293 3786 egere
1308 3713 1345 3761 se
1364 3686 1482 3760 alieno
1500 3697 1642 3785 prasen-

593 3800 702 3888 tieus,
730 3799 779 3870 ad
804 3802 997 3873 amicitiam
1023 3801 1160 3903 Caroli,
1189 3808 1406 3876 Francorum
1435 3802 1551 3898 regis,
1577 3807 1642 3866 11⁰ss

593 3913 704 3985 modo
730 3915 974 4013 recipiendam
997 3916 1177 4010 oblatam,
1203 3919 1390 3992 sedetiam
1419 3911 1642 4017 captandam,

593 4030 787 4126 proclivior
802 4031 948 4102 effectus
963 4048 1051 4104 erat.
1071 4037 1159 4121 Quae
1180 4058 1263 4105 cum
1281 4035 1356 4130 jam
1383 4032 1645 4104 fundamentum

593 4145 810 4217 nonnullum
829 4147 1039 4244 accepisset,
1063 4163 1118 4240 et,
1143 4149 1253 4222 dead
1280 4149 1473 4250 perfectam
1494 4167 1602 4247 usque
1616 4145 1646 4208 el

594 4260 745 4332 solidam
777 4286 901 4361 pacem
929 4287 971 4334 ea
999 4261 1252 4362 perducenda,
1283 4291 1363 4365 spes
1392 4289 1521 4360 magna
1547 4255 1646 4334 habe·

637 4478 665 4534 l.
686 4475 813 4535 llichard
828 4477 937 4552 Nevill,
959 4491 1054 4538 comte
1072 4479 1109 4538 de
1123 4481 1283 4555 Warwiclr,
1305 4499 1357 4560 par
1375 4481 1449 4540 suite
1471 4479 1508 4538 dc
1528 4497 1578 4537 son
1594 4485 1646 4528 11¹⁸·

596 4561 676 4642 riage
694 4582 765 4623 avec
785 4565 943 4626 l'hc'eriticre
961 4566 1013 4626 des
1029 4569 1224 4649 beauchamp.
1239 4571 1402 4631 C’cstcclui
1416 4569 1529 4648 quoles
1543 4555 1646 4644 angltss

595 4664 646 4710 out
659 4655 825 4712 suruommc'
837 4661 926 4734 Kiugs
937 4657 1048 4729 mulcr,
1061 4656 1089 4716 le
1101 4658 1208 4718 laiscur
1221 4657 1258 4717 de
1271 4658 1339 4720 ruis.
