3892 5892
734 938 843 995 ultan
862 938 1025 996 TERTIUS.
1347 941 1406 999 125

352 1062 492 1161 migeris
509 1062 662 1134 Francia
677 1076 913 1135 servarentur.
934 1066 1044 1135 Erant
1057 1062 1191 1163 quippe
1206 1064 1283 1137 siue
1306 1045 1405 1138 certe

352 1202 502 1253 numero
513 1192 549 1250 et
563 1178 639 1250 sine
654 1177 831 1277 stipendio
849 1178 981 1277 ubique
996 1192 1162 1275 vagantes
1175 1204 1241 1277 per
1256 1204 1406 1277 regnum

289 1338 295 1349 ·
351 1308 571 1369 armatorum
597 1307 741 1387 turma,
767 1294 828 1393 qui
847 1294 896 1367 ob
913 1295 1148 1366 immanitates
1173 1295 1346 1367 scelerum
1370 1313 1407 1370 et

351 1409 591 1497 crudelitates,
611 1432 701 1507 quas
722 1408 758 1479 in
774 1422 918 1482 suasmet
934 1410 1055 1509 patriae
1070 1423 1107 1481 et
1121 1410 1273 1483 nationis
1290 1436 1407 1511 popu-

351 1526 406 1598 los
428 1523 656 1617 exercebant,
676 1522 810 1621 absque
828 1524 899 1597 ulla
921 1525 1149 1596 miseratione
1165 1522 1326 1598 laniones
1343 1552 1404 1601 seu

350 1646 594 1715 scorticatores
604 1644 630 1732 ¹,
642 1640 743 1737 juxta
752 1639 846 1736 vulgi
860 1638 1096 1733 locutionem,
1110 1640 1402 1739 appellabantur3

354 1759 476 1831 omnia
491 1758 588 1831 enim
604 1780 725 1829 revera
743 1754 982 1848 dilaniabant,
1003 1755 1196 1829 domorum
1214 1771 1303 1830 tecta
1319 1782 1407 1829 con·

353 1876 522 1949 vellentes
538 1899 601 1945 seu
617 1872 784 1966 fustibus,
801 1885 971 1969 tanquam
989 1872 1147 1969 flagellis,
1166 1887 1403 1947 conterentes.

354 1992 484 2063 Excisis
494 1990 590 2063 enirn
601 1988 794 2061 domorum
810 1986 971 2087 postibus
982 2012 1043 2060 seu
1057 1988 1254 2082 columnis,
1268 2004 1321 2081 et,
1338 1990 1407 2062 nisi

353 2132 421 2205 pro
444 2128 569 2177 eorum
585 2103 768 2176 voluntate
790 2126 811 2175 a
837 2101 994 2174 dominis
1012 2126 1168 2199 quorum
1181 2106 1275 2200 juris
1291 2119 1407 2178 esseut

355 2220 625 2311 redimerentur,
645 2242 703 2290 eas
717 2217 762 2289 ed
779 2216 895 2289 solum
907 2208 1114 2309 diruebant,
1132 2219 1232 2289 omni
1248 2218 1409 2291 substau-

356 2338 404 2409 tia
419 2358 593 2435 pauperes
618 2348 725 2431 atque
749 2332 946 2434 supplices,
965 2334 1028 2429 qui
1050 2357 1090 2405 se
1111 2334 1218 2405 armis
1243 2332 1409 2408 adversus

355 2474 482 2521 eorum
496 2448 664 2522 saevitiam
681 2448 770 2520 tueri
783 2447 929 2519 minime
942 2449 1163 2545 potuissent,
1181 2446 1357 2521 nudantes
1375 2466 1410 2521 ct

356 2566 463 2639 veluti
480 2564 572 2663 pelle
595 2566 744 2636 omnino
762 2562 976 2662 spoliantes:
994 2562 1253 2661 propterquod
1267 2588 1410 2662 prome-

356 2694 505 2753 ruerunt
523 2679 698 2751 famosum
713 2675 801 2749 illud
821 2678 1100 2749 Scorticatorum
1122 2700 1184 2752 seu
1204 2678 1411 2752 Ercoriato·

357 2818 455 2888 rum,
474 2793 531 2865 vel
546 2792 752 2881 lanionum,
771 2815 907 2863 nomen
923 2812 964 2863 ac
980 2789 1135 2863 titulum.

695 3061 947 3131 csrrrunuu
976 3035 1066 3130 vui.

383 3243 421 3295 De
434 3239 573 3295 obsidione
583 3238 670 3311 posita
681 3236 715 3290 ad
726 3236 857 3309 oppidum
866 3236 961 3290 Calesii
972 3256 1022 3309 per
1032 3236 1129 3291 dacem
1140 3237 1300 3311 durgundia
1318 3258 1378 3293 eum

599 3327 652 3381 suis
663 3325 819 3397 waringis,
833 3336 859 3377 et
869 3322 1007 3394 quomodo
1018 3325 1102 3379 levata
1112 3326 1172 3379 fuit.

409 3493 749 3571 Praetermittendum
769 3506 889 3565 autem
909 3492 945 3563 iu
971 3489 1079 3587 hujus
1100 3492 1311 3564 narrationis
1331 3518 1414 3564 nos·

359 3628 420 3687 trae
447 3612 537 3687 serie
564 3634 628 3682 seu
654 3608 793 3681 silentio
818 3605 1105 3707 praetereundum
1131 3606 1278 3679 minime
1298 3608 1413 3681 visum

400 3863 430 3918 t.
446 3842 1415 3932 Lesdcorcheursmompagniestranchesquiapparurenteu1435,

361 3948 462 4009 s’etant
471 3946 593 4006 formias
607 3942 657 4003 des
666 3940 816 4023 gemianus
828 3939 864 4000 de
875 3941 904 3999 la
916 3940 1101 4021 champagne
1115 3940 1263 4001 licenciies
1272 3960 1311 3999 au
1324 3953 1416 4019 temps

361 4035 401 4095 du
422 4036 504 4095 traite
517 4036 648 4105 d’Arras,
665 4058 679 4087 ι
695 4030 831 4109 lesqueia,
852 4030 895 4090 dit
907 4036 981 4091 Jean
998 4030 1141 4102 Chartier,
1163 4029 1418 4109 endommagereut

362 4122 549 4204 grandement
561 4123 590 4183 le
602 4128 684 4203 pais3
698 4134 727 4181 et
740 4124 789 4197 n’y
800 4120 878 4179 auoit
891 4120 1022 4181 hommes
1034 4120 1154 4179 semmes
1168 4131 1198 4179 et
1217 4120 1317 4178 enfans
1329 4117 1417 4195 qu'ilz

361 4230 399 4271 ne
413 4210 628 4291 despoiliassent
638 4212 759 4289 jusques
773 4214 790 4269 1
802 4210 830 4269 la
843 4210 980 4283 chemise,
989 4210 1156 4288 maisqu'ilz
1171 4209 1213 4268 les
1228 4221 1345 4287 pussant
1353 4228 1418 4267 ren-

361 4312 477 4359 eontrer
490 4302 579 4361 aleur
591 4300 768 4381 advantage3
780 4312 812 4359 et
822 4312 912 4377 quant
927 4300 964 4357 ila
977 4300 1093 4359 avaient
1105 4311 1167 4358 tout
1178 4297 1269 4376 piltir'e,
1284 4298 1321 4355 ita
1335 4316 1418 4357 reeu-

362 4386 514 4467 ponnaient
530 4388 571 4447 tes
584 4390 725 4469 viltaiges.
751 4394 785 4447 Et
803 4388 924 4448 estoient
936 4389 1014 4448 leun
1026 4388 1203 4468 cappitaines
1226 4405 1287 4467 ung
1303 4386 1419 4446 nomme

362 4476 531 4539 Chabannes
544 4490 572 4535 et
584 4476 661 4535 deux
674 4476 803 4536 bastards
817 4474 853 4535 'de
866 4474 1022 4550 Bourbon3
1037 4488 1066 4534 et
1079 4474 1120 4533 ies
1131 4474 1323 4533 nommoitcu
1336 4492 1419 4533 eom-

255 4606 261 4617 ·
363 4566 530 4625 munimem
546 4568 585 4622 tes
598 4568 790 4624 Escorcttcurs.
811 4590 823 4614 ι
844 4568 923 4623 Dans
939 4564 1097 4639 Godefroy,
1111 4584 1142 4643 p.
1158 4564 1208 4623 86.
1224 4562 1294 4622 Voir
1304 4563 1381 4622 aussi
1392 4562 1420 4622 le

362 4659 484 4714 Journat
494 4654 562 4711 dun
576 4653 760 4730 bourgeotsde
775 4656 870 4726 Paris,
889 4652 977 4711 al'au
993 4656 1084 4711 stae.
