3892 5892
528 861 586 917 tra
817 859 1073 921 utstottuttntt
1092 861 1228 921 CAROLI
1247 864 1299 921 Vll

532 997 571 1055 ut
587 983 828 1080 omnes-regni
845 982 971 1057 incolae
989 982 1035 1056 ad
1050 998 1178 1057 nutum
1190 984 1318 1081 regisa
1333 984 1591 1083 quaestoribus,

528 1121 619 1195 qnos
638 1097 818 1197 generales
836 1098 1069 1173 lmanciarom
1084 1099 1277 1199 appellant,
1295 1114 1472 1181 eteorum
1483 1107 1591 1173 'com-

527 1215 641 1287 missis
658 1238 700 1287 ac
713 1214 938 1306 satellitibus,
960 1213 1146 1287 talliabiles
1162 1214 1304 1314 publice
1319 1202 1583 1315 praedicentur,

527 1329 573 1403 de
595 1331 761 1432 factoque
783 1331 1036 1404 immanissime
1056 1330 1255 1423 tallientur,
1273 1333 1417 1405 nemine
1433 1334 1470 1405 in
1492 1357 1586 1405 con·

527 1447 676 1519 tretium
692 1448 846 1521 audente
871 1448 1000 1523 mutire
1015 1446 1195 1551 ueletiam
1210 1448 1423 1546 supplicare.
1443 1449 1588 1521 Pericu-

525 1560 635 1633 losius
649 1562 745 1634 enim
758 1562 853 1635 circa
862 1560 934 1633 hoc
943 1585 1074 1647 errare,
1086 1586 1195 1660 quam
1209 1562 1238 1633 si
1252 1576 1367 1635 totum
1379 1561 1586 1661 symbolum

528 1674 610 1748 fidei
628 1676 875 1775 abnegaretur,
895 1701 917 1751 a
932 1676 1139 1773 satellitibus
1157 1678 1582 1775 tyrannidisgduceretun

471 1859 482 1879 ,
526 1806 562 1864 et
572 1791 681 1865 veluti
693 1793 829 1865 crimen
842 1792 931 1865 laesae
943 1792 1133 1889 majestatis
1143 1793 1362 1887 admisisset,
1378 1794 1440 1893 qui
1457 1810 1585 1868 contra

525 1897 756 2008 quocumque
765 1910 877 1996 rnodo
889 1909 1024 2010 aliquid
1035 1910 1256 2007 loqueretur,
1275 1911 1369 1983 illico
1381 1911 1581 2010 puniretur.

526 2023 621 2109 Quin
638 2039 757 2097 autern
769 2025 919 2098 servitus
933 2024 1179 2121 hujuscemodi
1195 2027 1332 2099 tamdiu
1340 2026 1511 2099 duratura
1521 2028 1581 2119 sit,

525 2139 697 2235 quamdiu
715 2166 843 2214 manus
855 2132 922 2213 ilta'
933 2140 1160 2243 stipendiaria
1176 2142 1221 2215 ad
1234 2157 1375 2225 tantum
1392 2164 1583 2215 nnmerum

527 2254 742 2347 retineatur,
763 2257 882 2329 nullus
901 2256 1080 2353 ambigere
1093 2254 1211 2329 debet.
1229 2262 1291 2331 Est
1312 2259 1408 2331 enim
1426 2259 1503 2357 ipsa
1516 2257 1583 2330 hu·

523 2359 727 2465 juscemodi
731 2373 907 2445 servitutis
918 2373 1155 2446 conservatrix
1168 2397 1177 2445 ε
1189 2374 1302 2472 aqua,
1314 2374 1443 2471 procul
1454 2372 1581 2464 dubio,

525 2488 698 2582 quamdiu
719 2488 922 2577 duraverit,
941 2512 1091 2585 regnum
1110 2488 1358 2586 hujuscemodi
1375 2489 1503 2585 jugum
1520 2512 1584 2561 ex-

526 2616 648 2676 cutere
672 2629 747 2676 non
772 2604 922 2701 poterit,
945 2602 1007 2676 sed
1029 2603 1096 2675 sub
1118 2604 1242 2679 eadem
1261 2605 1436 2678 'servitute
1460 2606 1582 2677 miser·

526 2717 615 2789 rime
634 2733 740 2814 atque
757 2717 991 2789 infelicissime
1006 2716 1199 2815 languebit.

576 2825 689 2932 Atque
704 2833 842 2904 utinam
858 2833 892 2903 ei
909 2830 1093 2904 dumtaxat
1106 2835 1265 2907 servituti
1283 2834 1499 2909 tributorum
1516 2833 1581 2907 ad·

525 2947 610 3044 jecti
632 2946 787 3019 infelices
811 2938 1017 3043 regnicolas,
1046 2947 1117 3020 hoc
1141 2934 1265 3023 vmedio
1286 2952 1452 3028 miseram
1472 2952 1581 3023 vitam

529 3074 644 3133 tutam
664 3062 940 3160 atqucquietam
959 3062 1100 3137 trahere
1117 3065 1281 3165 possent!
1302 3081 1393 3139 esset
1415 3066 1512 3139 enim
1527 3082 1581 3139 ut·

529 3201 683 3274 cumque
699 3177 880 3253 tolerabile
900 3179 1047 3253 malum.
1062 3183 1167 3281 Atqui
1178 3182 1352 3282 prolecto,
1364 3182 1465 3283 quod
1475 3181 1581 3279 longe

527 3294 668 3391 gravius
684 3310 791 3393 atque
817 3294 1000 3380 molestius
1017 3311 1070 3370 cst
1084 3297 1246 3390 tributis,
1269 3297 1524 3401 etiam'militiae
1540 3296 1581 3367 il·

527 3409 595 3492 lius
620 3410 845 3503 conductitia
862 3412 1088 3504 insolentias,
1113 3414 1277 3511 injurias,
1296 3414 1438 3514 rapinas
1454 3427 1491 3485 et
1506 3437 1582 3485 mo·

526 3526 656 3620 lestias,
680 3552 768 3627 quas
781 3528 882 3621 nulla
894 3530 1103 3626 eloquentiae
1119 3531 1171 3601 vis
1192 3530 1405 3603 sufficienter
1418 3552 1579 3603 enarrare

526 3659 669 3743 posset,
695 3644 824 3741 jugiter
846 3659 880 3716 et
896 3646 1068 3717 continuo
1096 3645 1251 3744 perferre
1268 3670 1411 3729 necesse
1425 3643 1576 3736 habent,

526 3760 563 3832 bi
592 3762 786 3860 praesertim
808 3762 870 3860 qui
887 3786 983 3835 rura
1009 3759 1191 3852 incolunt;
1220 3787 1286 3835 nec
1308 3762 1354 3835 ab
1382 3763 1432 3833 eis
1460 3776 1577 3833 tamen

528 3876 686 3949 evadunt
709 3877 906 3967 immunes,
937 3877 1001 3975 qui
1016 3876 1172 3949 civitates
1188 3891 1224 3949 et
1238 3875 1372 3976 oppida
1391 3890 1426 3949 et
1441 3877 1579 3949 minuta

494 4017 498 4029 ·
526 3994 605 4067 loca
619 3992 839 4084 inhabitant,
855 3992 952 4090 apud
967 4017 1059 4093 quos
1076 3993 1261 4066 ordinariae
1277 3993 1483 4090 hujusmodi
1492 4017 1577 4065 oon·

529 4109 684 4181 ductitire
700 4106 935 4207 stipendiariae
955 4106 1087 4180 militiae
1104 4125 1220 4181 cenos
1240 4132 1410 4184 numerus
1423 4134 1490 4209 pro
1500 4122 1577 4191 ¹stu·

531 4226 627 4297 tione
642 4223 733 4297 solet
747 4222 927 4297 collocari.
942 4227 1032 4295 Cum
1045 4222 1116 4295 boc
1131 4224 1229 4297 enim
1244 4223 1343 4323 quod
1359 4224 1445 4299 tales
1457 4246 1578 4297 secum

531 4339 666 4413 habere
681 4340 859 4439 hospites,
877 4338 988 4411 velint
998 4330 1015 4429 ,’
1025 4340 1158 4433 nolint,
1176 4356 1352 4438 coguntur
1370 4343 1463 4414 cives
1479 4340 1577 4412 Ιοοο·ι

529 4482 630 4547 rum,
649 4458 770 4555 eisque
790 4456 836 4528 de
858 4455 959 4527 omni
976 4456 1170 4527 necessaria
1185 4469 1221 4527 et
1237 4481 1311 4529 non
1329 4455 1439 4528 modo
1456 4479 1576 4528 neces·

526 4573 638 4665 saria,
657 4596 782 4644 verum
805 4573 911 4645 etiarn
927 4569 1140 4672 voluptuosa
1164 4571 1345 4647 interdum
1359 4570 1573 4673 supellectile
