3892 5892
732 925 841 986 man
867 901 1018 990 renos.
1370 934 1404 991 rr

347 1067 554 1153 reputarent
567 1075 610 1126 ac
623 1049 868 1146 defensorem,
889 1053 1409 1154 ejeceruntqueebothomago

347 1174 543 1262 ioannem,
561 1170 732 1242 comitem
755 1168 802 1243 de
824 1169 1034 1244 Alba-Mala¹
1051 1195 1136 1244 oum
1151 1171 1244 1261 suis,
1262 1173 1325 1270 qui
1341 1172 1409 1245 ibi·

348 1284 434 1358 dem
454 1285 663 1359 auctoritate
679 1285 801 1385 regali,
818 1311 886 1384 pro
903 1300 1005 1386 parte
1021 1283 1346 1377 Aurelianensium,
1362 1287 1409 1361 ad

349 1399 549 1472 custodiam
563 1399 676 1472 iuerat
691 1397 905 1498 deputatus,
922 1414 957 1472 et
972 1400 1104 1499 pariter
1121 1401 1159 1473 in
1173 1399 1250 1473 aliis
1263 1401 1412 1476 civitati·

347 1511 417 1586 bus
432 1527 468 1586 et
484 1513 590 1605 locis,
608 1515 671 1612 qui
686 1527 902 1614 potuerunt,
915 1513 961 1588 de
977 1515 1050 1588 suis
1065 1516 1259 1615 capitaneis
1271 1539 1411 1592 earum·

348 1628 433 1700 dem
448 1628 606 1726 partium
621 1626 828 1701 effecerunt.

396 1748 512 1843 Atque
525 1767 568 1817 ea
579 1757 801 1843 tempestate,
812 1742 1002 1843 apartibus
1010 1744 1329 1839 Aurelianensium,
1337 1744 1410 1819 dux

347 1873 454 1957 atque
476 1859 644 1959 princeps
666 1858 799 1933 militiae
815 1861 920 1956 regiae
942 1860 1081 1959 (quem
1103 1861 1410 1936 constabularium

346 1976 454 2073 vulgo
472 1975 669 2076 appellant)
684 1990 761 2050 erat
773 1999 895 2049 comes
910 1977 1134 2072 arminiaci¹‚
1154 1979 1217 2078 qui
1241 1978 1287 2058 de
1308 1980 1411 2052 terris

346 2095 420 2167 suis
436 2093 531 2167 etde
546 2093 721 2167 Vasconia
737 2115 906 2191 magnam
918 2108 1123 2190 aggregarat
1135 2094 1311 2168 militiam.
1327 2099 1412 2168 bun

346 2212 548 2311 gundiones
564 2235 690 2284 omnes
703 2211 860 2285 adversae
873 2210 1055 2301 factionis,
1069 2213 1326 2313 cujuscumque
1341 2229 1412 2288 sta-

346 2341 404 2399 tus
428 2341 535 2425 atque
555 2326 695 2398 ordinis
709 2340 848 2420 essent,
869 2329 1098 2400 Armeniacos
1117 2330 1219 2427 quasi
1236 2331 1411 2430 probrose

346 2442 635 2543 appellaverunt,
648 2442 796 2516 eosdem
805 2496 815 2533 ,
825 2441 908 2515 licet
923 2442 991 2514 sub
1007 2443 1104 2539 regia
1119 2443 1291 2542 dignitate
1305 2461 1412 2544 atque

348 2557 552 2633 obedientia
589 2573 796 2649 manerent,
828 2557 986 2632 Gallicos
1015 2583 1078 2631 seu
1115 2563 1269 2632 Francos
1295 2561 1412 2633 nomi·

347 2696 435 2747 nare
459 2697 534 2746 non
559 2673 762 2772 dignantes.
784 2671 912 2747 Videre
928 2685 1005 2746 erat
1029 2687 1116 2746 tunc
1138 2699 1258 2748 rerum
1285 2675 1413 2748 faciem

347 2802 383 2862 et
404 2802 536 2862 statum
555 2802 634 2861 toto
653 2812 766 2887 regno
783 2788 946 2863 turbatos
959 2787 1208 2862 miserabiliter
1225 2814 1235 2860 t
1254 2790 1412 2864 civitates

346 2905 517 2980 adversus
532 2922 609 2981 sese
624 2905 779 2979 invicem
804 2931 906 2980 arma
921 2930 1072 3006 capere,
1091 2929 1134 2979 ac
1149 2907 1357 2981 tumtdtuari
1373 2907 1411 2980 io

346 3049 419 3098 una
431 3024 594 3114 civitate,
606 3023 744 3124 oppido
759 3047 823 3097 seu
837 3022 941 3115 villa,
955 3024 1095 3100 vicinos
1113 3038 1241 3097 contra
1252 3023 1408 3118 vicinos3

347 3141 421 3212 imo
454 3141 491 3213 in
525 3140 652 3214 eadem
685 3137 798 3212 domo
826 3153 934 3238 atque
959 3139 1109 3226 familia,
1137 3139 1261 3214 fratres
1285 3153 1413 3216 contra

347 3255 473 3329 iratres
489 3271 524 3330 et
541 3255 633 3329 iiiios
649 3270 775 3328 contra
789 3268 975 3354 parentes,
993 3269 1029 3329 et
1041 3256 1119 3328 vice
1132 3279 1234 3329 versa
1240 3307 1251 3344 ,
1268 3257 1410 3352 saevire,

346 3372 490 3472 probris
505 3387 541 3444 et
564 3369 792 3445 contumeliis
806 3395 885 3444 sese
901 3367 1062 3464 afficere,
1080 3369 1157 3444 aliis
1176 3370 1223 3444 ad
1244 3371 1335 3445 alios
1355 3373 1412 3446 vel

348 3486 611 3585 burgundionis
630 3511 783 3581 nomen,
801 3487 859 3560 vel
875 3485 1094 3578 Armeniaci,
1112 3485 1412 3586 exprobrantibus

347 3619 383 3678 et
392 3631 459 3705 pro
471 3605 627 3678 maxima
643 3603 773 3702 injuria
790 3615 897 3702 atque
909 3601 1128 3676 contumelia
1142 3603 1410 3702 reputantibus,

346 3722 479 3796 deinde
504 3721 551 3796 ad
573 3719 724 3795 verbera
740 3734 776 3793 et
792 3718 906 3793 credes
927 3717 1104 3819 prosilire.
1127 3723 1268 3816 ltaque,
1286 3719 1413 3819 procul

346 3837 474 3935 dubio,
493 3839 726 3914 seminarium
742 3835 829 3910 illud
847 3836 1055 3936 pestiferum
1069 3850 1178 3934 atque
1193 3835 1412 3910 virulentum

347 3956 548 4047 bellorum,
571 3953 759 4029 turbarum
773 3967 808 4027 et
820 3953 1039 4028 seditionum
1051 3953 1173 4027 omnia
1191 3977 1292 4054 poene
1312 3957 1412 4053 regni

348 4069 428 4144 ioca
435 4073 652 4172 repleverat,
665 4071 703 4143 in
717 4095 833 4170 eoque
849 4069 942 4143 adeo
958 4069 1029 4143 alte
1045 4068 1182 4143 radices
1198 4071 1358 4165 miserat,
1371 4087 1413 4146 ut

349 4188 407 4259 vix
415 4203 498 4288 post
512 4213 628 4263 annos
644 4187 903 4287 quinquaginta
919 4187 1104 4285 exstirpari
1116 4201 1225 4286 atque
1241 4185 1412 4262 eradicari

348 4299 449 4380 abeo
463 4305 640 4403 potuerit3
656 4303 732 4377 imo
747 4317 846 4378 certe
862 4326 932 4376 nec
948 4299 1155 4394 adbuc,his
1170 4301 1408 4401 temporibus,

390 4560 420 4620 r.
441 4554 730 4634 senonensem,
743 4555 1009 4618 meorumue.

388 4647 419 4706 2.
440 4643 571 4706 Remi
582 4644 775 4726 dai-magma
790 4642 1015 4708 teraconenbte
1028 4645 1188 4708 numm
1200 4663 1238 4708 eu
1251 4649 1343 4708 teta.
