3892 5892
493 910 531 966 28
780 908 1040 971 HISTORIARUM
1058 907 1197 967 canon
1215 909 1270 965 vn

494 1034 676 1127 sisterent,
702 1034 762 1105 tali
792 1034 884 1106 iuter
910 1056 948 1103 se
972 1030 1079 1123 ludo,
1107 1029 1303 1127 Anglorum
1329 1031 1554 1130 prosperitati

494 1149 629 1248 optime
653 1148 795 1247 utrique
821 1145 1040 1239 serviebant,
1063 1162 1103 1219 ut
1125 1171 1199 1219 non
1221 1146 1273 1219 eis
1297 1144 1440 1218 difficile
1465 1145 1557 1217 foret

494 1263 652 1337 civitates
683 1279 719 1336 et
749 1263 883 1362 oppida
912 1262 1157 1357 Normanniae,
1184 1262 1316 1334 nullius
1340 1261 1462 1334 auxilii
1492 1286 1554 1335 seu

495 1377 611 1452 solatii
637 1378 882 1478 consequendi
903 1376 1218 1477 spembabentes,
1242 1377 1298 1450 vel
1321 1378 1357 1449 vi
1387 1392 1423 1450 et
1448 1377 1557 1450 armis

496 1518 721 1593 expugnare,
739 1493 794 1566 vel
807 1493 844 1565 in
861 1492 1084 1566 deditionem
1100 1493 1271 1592 recipere.

839 1788 1100 1859 CAPITULUM
1124 1787 1202 1855 Xll.

498 1970 633 2041 lagaeam
651 1968 967 2043 Burgundionumducis
985 1970 1015 2024 in
1033 1970 1128 2025 urbem
1145 1967 1338 2035 Parisieuceur,
1354 1979 1380 2021 et
1397 1982 1457 2037 qu·
1475 1962 1560 2019 cedes

755 2075 782 2117 ct
792 2060 958 2117 crudelitates
967 2061 1023 2117 ittic
1034 2058 1148 2115 subinde
1160 2070 1226 2113 acta
1235 2056 1299 2111 sint.

547 2233 617 2307 Sed
642 2250 677 2307 et
701 2258 799 2309 anno
820 2232 1118 2335 [u.cccc.]xvnr.,
1137 2233 1279 2305 vivente
1294 2228 1415 2304 adhuc
1429 2224 1559 2299 Carolo

499 2372 582 2445 rege
603 2354 665 2442 Vl,
683 2342 802 2424 Caroli
817 2356 880 2423 Vll
896 2368 1015 2450 patre,
1032 2351 1133 2449 cujus
1150 2338 1248 2445 gesta
1263 2344 1445 2419 memoriae
1458 2367 1560 2415 man·

500 2465 620 2539 danda
630 2470 867 2567 suscepimus,
879 2470 942 2567 qui
953 2467 1102 2540 Carolus
1113 2470 1177 2556 vt,
1191 2481 1231 2539 ut
1242 2488 1350 2562 supra
1360 2458 1557 2552 retulimus,

500 2581 607 2680 longa
615 2584 692 2682 jam
707 2584 895 2659 dementiae
907 2586 1118 2685 aegritudine
1138 2584 1382 2673 laboraverat,
1399 2585 1561 2677 Burgun-

500 2697 628 2771 diones
648 2702 730 2772 satis
749 2702 877 2799 exiguo
898 2725 1069 2793 numero,
1083 2701 1181 2797 vulgi
1200 2700 1369 2789 factione,
1386 2696 1563 2769 Parisien-

501 2815 594 2885 sium
603 2814 731 2887 urbem
743 2814 904 2911 ingrcssi,
917 2814 1008 2887 urbe
1023 2816 1128 2914 potiti
1144 2829 1240 2905 sunt,
1251 2828 1287 2887 et
1297 2815 1335 2885 in
1347 2811 1564 2885 eadomina·

501 2930 637 3002 tionem
653 2928 871 3024 habuerunt,
883 2932 1013 3005 eodem
1031 2947 1108 3005 tum
1122 2930 1255 3004 Carolo
1265 2933 1331 3021 Vl,
1344 2927 1447 3001 titulo
1460 2941 1565 2999 tenus

501 3043 696 3136 dumtaxat,
708 3046 900 3144 imperium
916 3048 1105 3121 retinente.
1118 3049 1198 3120 Fuit
1209 3063 1329 3120 autem
1342 3043 1565 3143 burgundio-

502 3186 592 3234 num
620 3163 845 3263 capitaneus,
867 3166 930 3263 qui
951 3165 1024 3238 illic
1050 3191 1134 3238 curn
1159 3166 1232 3237 suis
1257 3163 1428 3236 militibus
1451 3159 1566 3261 plebis

503 3279 626 3352 lavore
641 3279 866 3355 intromissus
881 3297 951 3377 est,
963 3281 1134 3356 dominus
1146 3281 1192 3354 de
1205 3279 1324 3353 Insula
1338 3278 1449 3371 ldaeg
1464 3276 1566 3350 miles

502 3408 667 3469 strenuus
683 3412 790 3497 atque
805 3400 1012 3473 acerrimus.
1031 3404 1121 3471 Cum
1140 3413 1260 3471 autem
1274 3392 1475 3467 Armeniaci
1489 3416 1567 3465 ma·

504 3535 575 3607 gno
602 3536 755 3585 numero
780 3530 867 3587 tunc
887 3514 925 3586 in
948 3539 991 3587 ea
1014 3512 1103 3585 urbe
1124 3525 1261 3600 essent,
1280 3534 1356 3582 sese
1377 3509 1416 3579 in
1439 3530 1566 3605 agmen

504 3653 618 3701 unum
633 3643 816 3726 cogentes,
836 3647 872 3704 et
884 3632 930 3703 de
947 3630 1085 3716 Bastilia
1100 3655 1161 3702 seu
1181 3643 1297 3702 castro
1314 3626 1388 3699 divi
1402 3624 1565 3714 Antonii,

505 3763 541 3823 et
557 3751 684 3850 plateis
696 3750 822 3822 vicinis
837 3764 944 3849 atque
956 3749 1110 3839 aedibus,
1129 3763 1371 3849 erumpentes,
1385 3760 1570 3820 tentarunt

505 3866 614 3939 armis
639 3864 912 3963 Burgundiones
936 3866 1109 3966 repellere
1124 3880 1232 3964 atque
1248 3865 1348 3938 urbis
1365 3864 1567 3938 dominium

506 3982 672 4055 retinere.
690 3982 761 4055 Sed
777 3980 874 4054 urbis
887 3984 1043 4081 populus
1062 3997 1163 4056 muto
1182 3997 1269 4056 tunc
1281 3983 1318 4055 in
1337 3982 1568 4054 Armeniaco-

506 4122 589 4169 rum
611 4122 746 4171 nomen
769 4121 812 4170 ac
837 4111 979 4194 gentem
1004 4098 1252 4172 inardescebat
1268 4098 1376 4191 odio,
1395 4111 1431 4170 et
1446 4097 1514 4196 ipsi
1530 4097 1567 4168 in

507 4230 583 4289 tam
595 4242 787 4290 numerosa
807 4215 1036 4289 multitudine
1051 4242 1095 4290 ex
1111 4216 1281 4290 omnibus
1295 4214 1445 4289 civitatis
1459 4215 1569 4312 parti·

507 4330 597 4423 bus,
615 4358 688 4406 una
709 4358 794 4406 cum
810 4331 1145 4431 Burgundionibus,
1163 4331 1202 4403 in
1219 4330 1440 4405 adversarios
1456 4330 1569 4401 irrue·

508 4460 606 4541 runt,
616 4449 717 4547 quod
734 4474 796 4524 eos
812 4450 943 4549 partim
959 4472 1086 4539 cesos,
1099 4447 1228 4548 partim
1247 4447 1398 4545 togatos,
1414 4458 1452 4517 et
1463 4442 1567 4532 urbe,

551 4664 580 4721 l.
602 4664 643 4722 Le
656 4660 791 4743 seigneur
799 4662 837 4725 de
846 4660 1033 4737 lile-Adam,
1041 4664 1115 4723 Jeau
1126 4661 1164 4723 de
1176 4660 1300 4723 villiers.
