3892 5892
740 945 1038 1020 numounrus.
1368 947 1426 1006 ssa

370 1087 449 1162 quae
471 1065 509 1138 in
536 1089 574 1140 se
598 1067 752 1141 invicem
776 1067 884 1142 iidem
907 1069 1036 1142 milites
1059 1070 1344 1163 committerent,
1365 1098 1429 1173 per

370 1181 556 1276 magistros
570 1207 613 1254 ac
628 1181 739 1256 duces
753 1183 908 1256 militum
921 1185 1147 1284 punirentur.

418 1295 541 1368 Curias
556 1321 739 1396 supremas
754 1298 854 1396 regni
876 1300 950 1391 sui,
969 1300 1148 1398 praecipue
1164 1297 1260 1372 illam
1279 1325 1430 1375 venera·

368 1407 478 1483 bilem
505 1412 642 1486 curiam
668 1407 881 1487 Parlamenti
912 1415 1134 1508 Parisiensis,
1162 1429 1198 1487 et
1225 1413 1368 1489 colebat
1395 1431 1431 1490 et

369 1527 558 1624 diligebat,
587 1530 746 1602 studium
770 1530 949 1605 adhibens
970 1546 1011 1604 ut
1033 1533 1174 1605 idoneis
1192 1533 1376 1631 personis,
1396 1547 1430 1607 et

369 1641 415 1714 de
431 1643 514 1716 lidei
527 1645 724 1742 integritate
736 1646 899 1745 jurisque
915 1647 1041 1746 peritia
1058 1662 1094 1720 et
1114 1645 1302 1747 probitatis
1320 1650 1432 1721 mori·

369 1755 439 1830 bus
470 1761 748 1849 commendatis,
783 1762 928 1834 easdem
961 1760 1150 1862 impleret,
1184 1779 1220 1836 et
1252 1765 1432 1863 aliquibus

368 1874 632 1967 deficientibus,
652 1877 901 1976 hujuscemodi
917 1881 1130 1954 meritorum
1147 1879 1236 1954 alios
1251 1879 1430 1954 sufficeret

370 2003 479 2088 atque
494 1991 715 2088 subrogaret.
1493 2075 1501 2088 ,

419 2109 550 2180 Curam
565 2109 671 2180 etiarn
685 2106 815 2182 habuit
830 2106 926 2206 leges
943 2123 979 2180 et
995 2110 1268 2182 constitutiones
1286 2109 1431 2203 edendi,

370 2221 428 2294 vel
444 2222 557 2294 editas
581 2221 667 2294 olim
686 2220 866 2295 in'melius
881 2222 1122 2313 reformandi,
1139 2249 1214 2322 quo
1231 2223 1374 2296 brevior
1396 2238 1432 2298 et

371 2338 664 2437 compendiosior
691 2339 728 2410 in
751 2337 887 2411 eisdem
910 2339 1018 2411 curiis
1040 2363 1229 2412 causarum
1252 2339 1433 2439 expeditio

371 2451 449 2524 fieri
466 2468 585 2552 posset
593 2457 616 2545 ¹,
638 2477 720 2526 cum
745 2453 790 2525 de
806 2450 1036 2552 dispendiosa
1057 2455 1163 2526 nimis
1183 2469 1218 2526 et
1241 2477 1342 2551 paene
1369 2457 1435 2528 iru-

372 2565 515 2640 mortali
532 2567 645 2640 litium
662 2569 938 2668 prorogatione,
955 2570 994 2640 in
1012 2570 1088 2668 ipsa
1104 2569 1205 2641 curia
1221 2569 1435 2643 Parlameuti

371 2683 678 2777 introductarum,
694 2686 860 2756 universa
876 2685 975 2780 regio
992 2695 1214 2780 quereretur.

422 2801 462 2868 ln
492 2821 573 2871 reos
598 2800 706 2872 etiam
736 2823 951 2896 magnorum
983 2797 1177 2872 criminum
1208 2795 1303 2872 mitis
1329 2811 1436 2897 atque

372 2911 668 2985 clementissimus
699 2911 786 3003 init,
819 2928 875 2996 et,
909 2914 1101 3012 plusquam
1134 2909 1279 3011 publica
1313 2911 1432 2986 forsan

373 3044 579 3128 exposceret
597 3029 739 3118 utilitas,
753 3053 844 3126 saepe
861 3028 1050 3101 criminum
1068 3027 1217 3125 gratiam
1234 3025 1328 3100 iecit.
1343 3031 1434 3102 Duci

375 3141 577 3233 llenconii,
607 3142 773 3214 convicto
796 3157 832 3214 et
859 3141 897 3212 in
918 3142 999 3236 jure
1027 3139 1191 3212 confesso
1208 3141 1309 3239 quod
1337 3166 1434 3214 uon-

375 3255 494 3328 nullos
510 3257 556 3329 de
571 3255 766 3353 majoribus
780 3255 990 3356 proceribus
1006 3279 1049 3326 ac
1065 3253 1288 3354 principibus
1305 3256 1436 3352 buglo-

375 3395 457 3443 rum
473 3371 690 3444 sollicitasset
706 3370 752 3462 de
769 3368 1013 3468 aggrediendo
1037 3369 1313 3458 Normanniam‚
1331 3369 1438 3469 polli-

375 3487 468 3559 citus
499 3486 633 3559 eisdem
665 3481 766 3582 quod
804 3486 841 3556 iu
876 3483 1012 3583 oppida
1045 3496 1082 3555 et
1114 3496 1229 3555 castra
1263 3487 1437 3556 terrarum

375 3627 522 3676 suarum
549 3627 613 3674 eos
637 3603 839 3674 admitteret
869 3614 905 3672 et
932 3623 976 3672 ea
1003 3599 1087 3698 ipsis
1118 3597 1294 3687 traderet,
1327 3600 1437 3673 vitam

301 3789 307 3800 ,
376 3718 546 3808 donavit,
565 3741 649 3789 cum
667 3731 808 3804 tamen,
829 3715 865 3788 in
884 3713 1036 3786 solemni
1053 3713 1276 3811 parlamento
1292 3728 1439 3812 propter

375 3834 447 3907 hoc
462 3857 532 3906 ase
544 3845 761 3930 congregato
777 3830 874 3930 apud
891 3829 1134 3902 Vindocinum
1151 3827 1361 3928 oppidum',
1374 3855 1439 3928 per

376 3974 481 4050 pares
496 3949 650 4021 Frauciae
670 3962 706 4020 et
722 3962 869 4020 caeteros
890 3945 962 4018 illie
985 3945 1021 4016 io
1049 3967 1180 4039 magno
1198 3967 1350 4015 numero
1366 3943 1439 4016 col-

377 4065 596 4140 lectosvelut
609 4067 697 4138 leesae
716 4064 906 4162 majestatis
922 4087 1004 4135 reus
1021 4057 1282 4134 condemnatus
1302 4059 1436 4132 luisset.

380 4182 570 4256 Ferebatur
579 4167 675 4255 enim
687 4181 724 4253 in
737 4204 838 4253 suam
850 4178 1116 4252 excusationem
1129 4175 1297 4248 eumdem
1309 4174 1439 4248 ducem

419 4407 449 4462 l.
471 4402 541 4462 Voir
550 4403 758 4463 l’ordonnance
769 4421 806 4461 en
817 4403 876 4460 tart
887 4398 1001 4459 articles
1013 4393 1125 4457 rendue
1136 4415 1213 4476 pour
1225 4395 1254 4456 Ιι
1267 4395 1392 4456 rc'l'orme
1405 4395 1441 4460 de

379 4491 532 4566 injustior,
543 4511 579 4550 en
596 4491 668 4550 avril
685 4495 761 4550 titt
770 4537 779 4564 ‚
789 4502 819 4547 et
831 4489 859 4548 le
873 4487 1034 4568 replement
1050 4505 1124 4566 pour
1137 4485 1179 4544 les
1193 4483 1299 4566 grands
1309 4483 1391 4558 jours
1405 4483 1440 4544 de

379 4580 502 4639 Poitiers
512 4576 586 4638 etde
596 4577 986 4640 Montlerrsud.llecuei1des
999 4575 1085 4648 Oret,
1095 4585 1118 4637 t.
1130 4575 1210 4648 xlv,
1221 4593 1251 4654 p.
1262 4575 1321 4633 28⁴
1331 4585 1362 4634 et
1370 4573 1440 4640 3³¹.

419 4671 450 4728 2.
472 4673 519 4727 Au
531 4667 606 4726 mois
618 4665 719 4726 d'aodt
732 4667 822 4725 ttae.
