3892 5892
741 904 852 965 Um
869 904 1055 979 Questus.
1375 908 1433 969 tts

377 1039 469 1115 sent,
486 1024 583 1102 illico
599 1026 847 1101 ostenderunt.
865 1032 1029 1115 Quorum
1046 1028 1252 1108 insolentias
1265 1036 1435 1107 exseorstl

377 1140 534 1240 plurium
550 1142 775 1217 castellorum
787 1144 894 1236 cives,
912 1171 996 1217 cum
1013 1144 1210 1219 reluctandi
1223 1150 1331 1221 tantis
1344 1148 1436 1247 inju-

377 1256 440 1331 riis
454 1258 548 1336 sires
562 1260 711 1334 minime
726 1274 973 1359 suppeterent,
995 1252 1137 1337 castella
1156 1262 1357 1363 domosque
1374 1288 1446 1339 va··

377 1386 538 1463 ouantes.
562 1373 699 1450 eisdem
717 1390 924 1469 cesserunt,
939 1392 974 1450 et
989 1377 1131 1483 profugi
1149 1378 1204 1449 vel
1220 1377 1257 1451 in
1275 1378 1345 1452 alia
1360 1402 1435 1452 eas·

379 1485 462 1571 tella
475 1488 532 1562 vel
547 1488 586 1565 itt
603 1514 708 1588 agtus
722 1504 759 1565 et
772 1490 880 1565 silvas
896 1491 1077 1566 abierunt.
1094 1496 1227 1565 Tantus
1247 1516 1334 1565 vero
1360 1492 1435 1567 odii
1513 1480 1515 1487 ⁵

379 1601 480 1677 furor
494 1605 635 1687 suimus
659 1604 804 1681 illorum
827 1607 1047 1706 populonun
1064 1606 1254 1681 adversum
1281 1612 1436 1682 Francos

378 1732 465 1795 tunc
473 1724 624 1797 muravit
633 1746 676 1796 ac
688 1724 816 1812 tenuit,
829 1738 871 1795 nt
884 1744 1132 1820 quoscumque
1144 1746 1187 1797 ex
1200 1724 1437 1823 ipsisFrancis

378 1834 590 1936 intercipere
611 1853 780 1937 possent,
806 1837 942 1934 absque
962 1838 1037 1911 ullo
1068 1838 1208 1913 delectu
1238 1837 1433 1935 dignitatis,

378 1975 481 2024 sexus
502 1968 565 2025 aut
581 1954 710 2046 etatis,
737 1952 833 2027 illico
854 1953 1086 2051 perimerent.
1111 1952 1219 2041 Quod
1236 1954 1283 2027 de
1301 1956 1352 2026 eis
1368 1954 1436 2053 ipsi

379 2069 503 2140 Franci
520 2081 621 2141 secus
639 2070 801 2141 iecissent
814 2067 980 2160 libenter,
1001 2068 1170 2167 pecunias
1193 2071 1304 2167 magis
1327 2094 1436 2166 quarn

380 2207 506 2255 eorum
523 2208 628 2257 neces
642 2199 830 2283 optantes3
850 2184 915 2259 sed
929 2186 1014 2281 quia
1030 2186 1067 2257 in
1085 2185 1187 2257 terris
1203 2184 1272 2257 illis
1287 2186 1380 2259 inter
1399 2209 1437 2259 se

380 2300 614 2373 condixerant
645 2324 714 2399 pro
746 2300 846 2371 nullo
873 2324 896 2371 a
926 2300 1072 2371 Francis
1107 2314 1213 2401 capto
1246 2303 1437 2399 pecuniam

380 2414 521 2487 aliudve
534 2441 603 2515 pro
615 2416 864 2514 redemptione
878 2415 969 2507 dari,
985 2416 1103 2513 plures
1118 2438 1258 2504 eorum,
1286 2413 1372 2518 dum
1389 2415 1436 2487 ab

380 2529 431 2599 eis
460 2530 555 2629 capti
585 2543 721 2622 essent,
749 2530 826 2630 pari
855 2527 994 2602 reddita
1018 2526 1281 2617 vicissitudine,
1305 2554 1437 2603 eneca-

381 2642 525 2721 bantur.
994 2724 995 2729 ,
1116 2714 1123 2721 .

430 2762 546 2835 Rediit
563 2776 682 2834 autem
701 2761 799 2836 idem
814 2760 1018 2835 Lndovicus
1035 2758 1190 2833 dedicta
1209 2758 1438 2859 expeditione

380 2890 463 2948 aute
480 2876 655 2951 hiemem¹
671 2877 718 2950 ad
734 2893 872 2977 patrem
890 2900 1010 2961 suum.
1029 2900 1111 2952 cum
1129 2874 1264 2973 majore
1283 2876 1436 2953 militum

380 3015 530 3065 snorum
559 2992 810 3081 multitudine,
833 3016 989 3089 quorum
1010 2990 1130 3089 plures
1154 3006 1190 3065 et
1212 2984 1348 3065 mititiae'
1368 3014 1438 3065 nu·

382 3130 484 3180 mero
514 3122 549 3181 et
575 3108 708 3183 ducum
741 3106 883 3199 officio,
915 3107 953 3177 in
985 3104 1047 3179 illo
1079 3106 1206 3187 ordine
1234 3132 1342 3205 quern
1376 3132 1438 3185 rex

382 3220 602 3311 instituerat,
615 3222 786 3320 adscripti
801 3233 897 3292 sunt.
913 3218 1035 3291 Plures
1053 3236 1172 3295 tamen
1187 3246 1232 3293 ex
1247 3221 1309 3295 illo
1325 3224 1439 3297 comi-

382 3348 481 3427 tatu,
509 3360 619 3435 quem
643 3336 812 3423 duxerat,
837 3348 912 3405 tam
932 3342 976 3404 e'x
1003 3334 1145 3407 Francis
1171 3358 1279 3430 quam
1299 3360 1343 3409 ex
1367 3342 1439 3409 ln·

383 3446 498 3547 glicis,
530 3452 616 3551 qui,
649 3476 693 3525 ex
725 3447 947 3521 Normannia
976 3447 1092 3525 allecti
1118 3447 1302 3547 predandi
1332 3474 1439 3527 causa

383 3580 492 3668 atque
503 3592 579 3669 spe,
592 3567 655 3642 illo
669 3591 753 3640 cum
762 3565 906 3638 Francis
913 3562 1065 3663 profecti
1074 3576 1186 3657 erant,
1203 3564 1241 3636 in
1255 3565 1449 3641 montibus·

385 3700 420 3755 et
434 3684 550 3777 silvis,
573 3710 639 3785 per
653 3684 799 3759 insidias
815 3680 862 3755 ab
879 3680 1035 3779 regionis
1050 3679 1179 3753 accolis
1200 3681 1354 3781 positas,
1374 3704 1441 3779 pe-

384 3802 531 3875 rierunt.
561 3801 715 3903 Reliquit
731 3800 839 3873 etiam
855 3798 953 3871 idem
970 3794 1169 3895 Delphinus
1186 3796 1382 3871 nonnullos
1402 3796 1441 3871 in

384 3919 555 4017 praesidiis
566 3919 767 4017 aliquorum
780 3913 998 4015 oppidorum
1012 3911 1441 4003 etcastelloruutlllzstim

385 4034 620 4131 quibuscum
642 4048 726 4134 post
741 4032 900 4105 hiemem
924 4028 1090 4103 victualia
1114 4027 1333 4117 delicerent,
1364 4048 1444 4123 quse

386 4146 520 4246 absque
541 4151 669 4225 ordine
688 4149 827 4247 direpta
847 4146 896 4221 ab
917 4146 968 4221 eis
990 4159 1026 4219 st
1043 4160 1255 4243 consumpta
1278 4144 1443 4233 inerant,

387 4278 663 4362 paterenturqne
680 4289 799 4337 rernm
823 4263 986 4333 omnium
1007 4260 1213 4366 penuriam,
1234 4257 1445 4331 hominibus

389 4392 425 4451 et
441 4378 623 4451 elementis
640 4379 797 4477 regionis
814 4376 884 4451 sibi
896 4377 1041 4475 penitus
1051 4374 1207 4467 adremis
1223 4389 1258 4447 et
1274 4371 1442 4465 inimicis,

430 4608 459 4663 s.
482 4601 698 4661 oet’mstts.
780 4568 786 4583 ’
858 4584 864 4591 ’
