3892 5892
758 927 869 984 mett
887 927 1059 999 QmNTUS.
1379 926 1438 986 20³
1569 939 1576 954 ¹

258 1062 262 1068 ’
381 1044 555 1142 jactanter
568 1045 721 1146 plurima
739 1049 926 1122 vanissime
948 1050 1191 1142 enuntiarent,
1210 1048 1299 1122 nihil
1318 1064 1437 1122 tamen

384 1159 557 1232 eusisunt
569 1163 606 1234 in
622 1165 876 1262 Normunniam
892 1177 1078 1236 attentare.
1165 1207 1169 1214 ·

434 1273 638 1350 Adventans
653 1278 771 1376 itaque
791 1303 852 1350 rex
868 1303 953 1350 cum
973 1279 1129 1351 exercitu
1147 1276 1191 1360 nd
1213 1292 1322 1350 terras
1341 1276 1436 1370 illes,

385 1386 491 1460 simul
507 1401 544 1462 et
560 1414 646 1462 cum
660 1391 781 1474 multis
797 1391 971 1464 mnebinis
990 1406 1026 1464 et
1040 1404 1211 1491 apparatu
1227 1389 1328 1482 belli,
1346 1414 1438 1462 non-

385 1499 500 1574 nullas
515 1503 674 1577 civitates
694 1520 730 1578 et
752 1505 914 1594 castella,
932 1530 1011 1602 quae
1029 1507 1148 1580 minus
1165 1503 1280 1578 valide
1303 1503 1440 1578 munita

384 1631 505 1703 erant,
535 1614 671 1714 amque
687 1631 693 1644 ·
707 1643 838 1716 magno
870 1619 1015 1715 negotio
1044 1619 1190 1718 recepit.
1221 1615 1328 1706 Quod
1356 1641 1440 1690 cum

386 1727 540 1823 fecisset,
559 1733 734 1830 oppidum
750 1732 933 1831 quoddam
956 1733 1194 1824 Castellionis,
1212 1731 1320 1828 vulgo
1347 1733 1439 1802 Cas-

385 1843 508 1917 nllon¹
525 1860 792 1946 nuncupatum,
818 1860 988 1945 tunquam
1008 1846 1076 1920 sibi
1099 1845 1336 1920 adulteriora
1359 1869 1440 1943 per·

385 1954 537 2032 finienda
557 1962 812 2051 neeessarium,
830 1959 988 2033 obsideri
1009 1960 1109 2052 lenit,
1128 1976 1163 2035 et
1181 1975 1305 2034 contre
1321 1961 1439 2058 ipsum

384 2087 500 2147 nesus
517 2075 657 2148 metari.
680 2078 770 2152 Cum
790 2089 910 2149 autem
929 2089 1022 2148 esset
1036 2075 1074 2146 in
1095 2073 1292 2171 Burdegnln
1312 2072 1440 2173 prndi-

385 2202 463 2260 ctus
488 2188 657 2262 dominus
681 2189 728 2263 de
747 2188 986 2263 Talcbotcum
1008 2189 1129 2262 multis
1145 2188 1295 2286 Anglicis
1315 2201 1352 2262 et
1372 2211 1440 2260 no·

385 2302 515 2377 bilibus
546 2329 589 2378 nc
618 2305 762 2404 populis
781 2305 983 2396 Vasconiae,
1015 2319 1088 2376 tam
1120 2301 1299 2401 equitibus
1331 2327 1439 2402 quam

385 2416 583 2516 peditibus,
613 2443 722 2516 quiem
753 2443 874 2492 secum
900 2443 1175 2516 congressurum
1208 2417 1284 2490 lore
1317 2417 1440 2488 Franci

378 2534 468 2606 satis
478 2533 712 2608 verisimiliter
721 2535 1003 2633 suspicabantur,
1018 2549 1053 2608 et
1066 2533 1165 2632 quod
1179 2547 1335 2606 castrum
1352 2531 1440 2604 illud

385 2647 605 2722 castellionis
621 2648 819 2742 obsessum,
838 2664 878 2723 nt
891 2651 1054 2749 presumi
1072 2663 1223 2749 poterat,
1244 2646 1439 2747 perdinon

384 2764 515 2836 sineret
540 2763 783 2857 indefensum,
809 2779 925 2838 costra
948 2789 1015 2839 sun
1034 2763 1279 2865 potentissime
1303 2760 1442 2834 munie-

384 2893 481 2952 runt.
510 2885 616 2954 Fossa
639 2881 737 2954 enim
762 2881 832 2954 alte
856 2895 893 2956 et
916 2905 1044 2980 aggere
1067 2881 1192 2955 endem
1217 2879 1439 2970 munientes,

386 2993 492 3066 etiam
516 3019 728 3092 magnarum
748 2995 880 3070 robore
902 2996 1075 3084 arborum
1101 3022 1165 3096 per
1188 2993 1377 3070 circuitum
1399 3015 1444 3065 en

384 3109 590 3202 cinxerunt,
616 3112 790 3185 machinis
809 3112 912 3206 belli,
937 3138 1027 3212 quas
1049 3113 1269 3212 serpentinas
1289 3124 1326 3184 et
1346 3109 1443 3183 eolu-

385 3220 505 3294 brines
525 3223 722 3322 appellent,
748 3225 997 3300 densissimum
1014 3225 1084 3326 ¹per
1104 3239 1219 3326 tognm
1242 3239 1441 3298 castrorum

385 3333 561 3408 ambitum
577 3350 812 3434 apponentes.

437 3451 519 3522 Erat
538 3463 623 3523 tunc
641 3453 679 3522 in
704 3453 900 3526 ministerio
918 3454 1010 3550 regis
1034 3457 1270 3544 Francorum,
1292 3478 1441 3552 genere·

383 3565 465 3638 liter
476 3589 586 3664 super
596 3589 723 3640 omnes
740 3567 923 3642 machinas
936 3582 973 3641 et
987 3567 1134 3642 bellicos
1146 3583 1338 3668 apparatus
1351 3594 1442 3668 prae-

384 3681 541 3780 positus,
559 3681 724 3777 magister
741 3682 924 3756 lohannes
939 3688 1102 3768 Bursao,
1121 3683 1208 3756 civis
1221 3682 1439 3780 perisiensis,

384 3797 439 3868 vir
467 3795 614 3896 quidem
644 3796 835 3896 plebeius¹
865 3813 901 3872 et
929 3803 1065 3872 stitture
1094 3797 1256 3896 corporis
1287 3821 1439 3896 pervus,

383 3934 511 3984 rernm
537 3909 651 3984 audax
674 3925 711 3985 et
731 3913 855 3984 animo
873 3935 1043 4011 magnus,
1064 3913 1127 4010 qui
1149 3912 1185 3984 in
1204 3936 1270 3984 usu
1288 3926 1325 3984 et
1342 3935 1442 3986 exer·

425 4160 454 4215 l.
477 4154 835 4235 castillon-del’erigord,
855 4153 1041 4230 aujourd'bni
1058 4155 1130 4216 dens
1147 4156 1175 4216 le
1190 4155 1390 4234 deponens-t
1404 4153 1441 4214 de

384 4243 412 4302 ln
425 4239 569 4320 Gironde,
582 4244 827 4304 ermodissement
838 4243 876 4303 de
888 4243 1045 4326 Iibnurns.

424 4334 453 4390 2.
475 4333 576 4390 C’etait
593 4333 735 4410 l'npinion
756 4333 794 4392 de
814 4342 877 4391 tout
893 4331 922 4391 le
939 4331 1046 4392 monde
1064 4330 1101 4392 ds
1120 4351 1173 4390 son
1190 4343 1293 4410 umps.
1312 4329 1398 4390 Aussi
1413 4329 1441 4390 ln

383 4419 618 4483 reeonnnissance
633 4421 670 4479 de
687 4419 822 4479 noblesse
838 4417 909 4497 qn’il
925 4419 1021 4479 sursit
1037 4420 1088 4478 tait
1101 4419 1172 4478 seire
1188 4437 1241 4498 per
1255 4418 1374 4478 stantes
1388 4421 1443 4478 vn

383 4525 420 4566 en
436 4510 527 4581 tttt,
540 4521 569 4566 et
579 4507 651 4566 dont
660 4506 837 4586 Godefrnyu
850 4507 947 4568 donne
960 4509 988 4568 le
1000 4511 1096 4582 texte(
1106 4513 1183 4568 Hm.
1195 4509 1358 4568 ἄρωσι-1η
1371 4512 1442 4582 1¹11,

383 4617 414 4676 p.
431 4597 513 4670 tto),
526 4595 640 4654 est-elle
651 4595 707 4658 sort
718 4608 860 4674 suspecte.
913 4610 916 4620 “
945 4659 950 4666 ,
1219 4595 1222 4604 ’
