3892 5892
520 902 559 959 tc
808 902 1067 962 utstoltluttuu
1086 902 1221 960 canon
1240 904 1293 959 vn

568 1030 614 1095 Et
636 1025 685 1097 ita
712 1048 805 1123 saepe
827 1026 919 1097 inter
942 1026 1174 1097 Armeniacus
1201 1023 1398 1123 appellatos
1430 1040 1466 1097 et
1489 1030 1579 1096 Bur-

522 1140 736 1238 gundiones,
753 1141 900 1214 diversis
920 1142 957 1213 in
983 1140 1072 1213 locis
1088 1155 1124 1214 et
1144 1143 1317 1229 terminis,
1345 1143 1443 1215 vario
1464 1156 1579 1214 marte

521 1271 695 1329 certatum
723 1271 796 1345 est,
824 1270 859 1329 et
891 1256 1078 1353 utriusque
1105 1258 1266 1355 partibus
1296 1258 1400 1356 plura
1424 1258 1576 1357 oppida,

522 1371 663 1444 castella
680 1385 714 1444 et
733 1371 821 1442 villae
836 1370 982 1471 direptae
996 1385 1032 1443 et
1048 1385 1203 1445 vastatae.

866 1683 1120 1755 cuttrULUM
1145 1686 1237 1753 xvt.

522 1887 642 1955 Qualiter
653 1888 800 1959 Anglorunr
814 1906 859 1939 rex
876 1885 1062 1940 obsidionibus
1079 1885 1216 1958 acquisivit
1226 1884 1331 1939 Meldos
1342 1898 1368 1940 et
1379 1886 1527 1941 Meldinuro
1537 1908 1545 1953 ;
1557 1901 1582 1941 et

558 1974 591 2029 de
612 1976 784 2029 exstinctione
805 1974 880 2029 ducis
903 1977 1052 2044 Qenua,
1072 1991 1149 2048 atque
1167 1976 1243 2030 obitu
1259 1976 1368 2031 Henriei
1387 1978 1535 2051 bogiorum
1556 1991 1583 2033 et

559 2064 699 2137 Carolivl
710 2064 885 2132 Francorum,
898 2082 1000 2136 regum.

575 2247 769 2345 bogiorum
792 2273 878 2321 vero
897 2274 959 2322 rex
968 2254 991 2343 ¹,
1017 2264 1057 2321 ut
1074 2250 1120 2323 ad
1136 2265 1318 2337 nostram,
1338 2250 1435 2325 unde
1458 2253 1583 2350 paulu·

525 2363 601 2435 lum
623 2362 770 2460 digressi
789 2390 931 2456 sumus,
949 2365 1183 2466 principalem
1200 2366 1442 2439 narrationem
1460 2368 1584 2441 redea-

527 2504 619 2569 mus,
635 2503 719 2551 cum
733 2481 807 2577 jam
824 2482 1040 2553 Parisiorum
1056 2481 1183 2553 urbem
1199 2496 1235 2553 et
1250 2481 1336 2554 alias
1349 2486 1586 2581 praenomina-

527 2607 593 2684 tas,
612 2593 715 2666 titulo
731 2594 881 2667 haeredis
897 2608 932 2666 et
944 2594 1240 2668 administratoris
1249 2597 1361 2694 regni,
1373 2599 1582 2697 possideret,

529 2734 657 2808 magna
666 2710 763 2810 [cpe]
771 2711 816 2782 ad
824 2726 966 2782 caeteras
976 2710 1189 2808 subigendas
1198 2725 1310 2784 etsuae
1318 2712 1523 2787 subdendas
1530 2716 1587 2787 di-

528 2828 618 2899 tioni
635 2826 816 2924 satagebat
832 2826 991 2897 civitates
1009 2840 1121 2929 atque
1132 2828 1287 2926 oppida,
1304 2854 1383 2926 quae
1398 2830 1583 2929 delphino,

529 2954 568 3010 ut
582 2940 829 3038 praemisimus,
844 2940 1069 3014 exhaeredato
1084 2942 1269 3039 parebant.
1291 2944 1395 3017 Unde
1409 2946 1586 3019 civitatem

528 3054 747 3127 Meldensem
773 3071 808 3127 et
824 3055 1020 3128 Meldinum
1030 3057 1212 3156 oppidum
1223 3063 1246 3149 ¹,
1272 3074 1308 3131 et
1328 3061 1503 3133 nonnulla
1519 3061 1587 3134 alin

527 3170 621 3259 loca,
640 3172 832 3244 contractis
848 3171 1144 3269 Burgundionum
1161 3175 1309 3265 auxiliis,
1328 3173 1444 3273 lougis
1460 3191 1496 3247 et
1512 3178 1587 3249 dit-

529 3284 682 3359 ficilibus
703 3286 953 3379 obsidionibus
977 3289 1024 3362 ad
1042 3289 1262 3363 deditionem
1281 3292 1455 3391 compulit
1471 3307 1506 3365 et
1521 3318 1587 3365 suc

530 3401 661 3500 adjecit
676 3401 844 3501 imperio.

580 3518 676 3591 Alter
687 3542 774 3591 vero
786 3545 830 3591 ex
841 3522 913 3592 suis
928 3522 1106 3616 germanis
1121 3521 1289 3610 Thomas,
1306 3524 1490 3596 Clarentiae
1500 3524 1585 3614 dux,

531 3632 617 3709 cuni
643 3636 781 3731 magnis
814 3636 1008 3733 Anglcrum
1043 3638 1155 3736 copiis
1188 3652 1304 3736 partes
1337 3641 1589 3712 Cenomanniae

531 3766 638 3850 atque
656 3749 866 3847 Audegaviae
881 3775 1082 3849 aggressus,
1102 3768 1137 3823 et
1157 3753 1334 3827 incautius
1351 3781 1390 3827 se
1408 3781 1549 3855 gerens,
1568 3778 1590 3825 a

532 3890 663 3964 magno
679 3870 897 3937 Francorum
915 3881 951 3939 et
967 3870 1157 3939 Scotorum
1173 3870 1314 3964 agmine
1325 3886 1504 3970 exceptus,
1522 3870 1591 3942 illic

532 4007 616 4053 cum
633 4004 697 4052 sua
711 3994 816 4078 gente
833 3980 930 4079 apud
944 3982 1159 4078 baugiacum
1174 3985 1365 4057 exstinctus
1380 3987 1461 4058 est⁸.
1482 3985 1591 4082 Cujus

532 4097 634 4171 clade
653 4110 854 4195 comperta,
879 4096 1009 4169 dixisse
1029 4096 1140 4168 fertur
1158 4098 1353 4199 bogiorum
1378 4127 1457 4194 rex,
1486 4101 1592 4172 frater

532 4238 635 4305 suus,
663 4212 763 4311 quod
794 4213 823 4285 si
849 4214 949 4285 vivus
971 4212 1157 4302 evasisset,
1179 4240 1261 4287 eum
1281 4218 1406 4290 mortis
1422 4216 1593 4291 affecisset

574 4434 603 4489 1.
627 4430 719 4491 Henri
731 4433 765 4493 V.

571 4521 602 4579 2.
625 4524 730 4579 Menux
743 4534 772 4580 et
785 4521 892 4581 Meiun.

573 4611 603 4669 ³.
625 4607 744 4669 BatuiUe
759 4608 796 4670 de
811 4612 908 4691 baugi
923 4630 960 4671 en
976 4609 1082 4685 Anjou,
1097 4614 1136 4673 23
1150 4632 1227 4673 mars
1243 4616 1332 4672 1⁴2¹.
