3892 5892
750 856 860 915 LIBER
879 857 1082 916 SECUNDUS.
1409 855 1448 911 tt

388 985 478 1057 rima
494 1000 601 1083 atque
610 985 693 1085 ipsis
711 964 863 1080 anglicis
880 981 1090 1055 intulerunt.
1107 984 1206 1080 Saepc
1223 982 1321 1053 enim
1336 1003 1449 1078 usque

388 1100 435 1172 ad
456 1115 579 1199 portas
604 1102 725 1200 pontis
743 1099 957 1195 liothomagi
973 1098 1245 1196 adequitabant,
1263 1098 1341 1170 etsi
1358 1121 1450 1194 quos

388 1201 521 1310 anglos
537 1215 683 1289 obviam
697 1215 919 1306 habuissent,
930 1215 986 1288 vel
1002 1213 1242 1304 trucidabant,
1256 1215 1314 1286 vel
1325 1226 1450 1310 captos

389 1326 631 1433 abducebant.

437 1447 518 1517 Fuit
542 1460 621 1518 tum
647 1445 859 1543 Rothomagi
879 1445 1053 1517 Henn'cus
1074 1443 1237 1541 juvenis,
1254 1442 1450 1540 Anglorum

388 1584 462 1651 rex,
482 1558 576 1632 illius
592 1560 756 1652 llenrici,
776 1559 822 1632 de
840 1584 913 1657 quo
940 1583 1046 1658 supra
1062 1559 1175 1631 multa
1191 1559 1396 1645 retulimus,
1414 1571 1451 1630 et

388 1676 608 1766 Catharinae,
636 1677 769 1749 sororis
795 1675 914 1748 Caroli
938 1680 1159 1747 Francorum
1195 1676 1302 1771 regis,
1332 1673 1447 1769 filius,

388 1816 495 1889 quern
513 1792 580 1865 sibi
597 1797 814 1865 Francorum
831 1816 981 1890 regnum
996 1817 1038 1863 ex
1056 1791 1211 1886 legitima
1227 1791 1450 1863 successione

388 1921 604 1981 asserentem
620 1922 793 2007 spectare,
814 1934 922 2007 seque
947 1913 1166 1980 Francorum
1183 1908 1450 2007 Anglorumque

387 2040 507 2121 regem
530 2025 790 2115 attitulantem,
815 2025 915 2123 Angli
932 2023 1174 2097 transfretum
1191 2025 1384 2097 adventare
1399 2025 1450 2098 le·

387 2154 524 2227 cerunt,
545 2155 584 2212 ut
599 2166 642 2212 er
657 2140 731 2237 ejus
743 2142 926 2240 praesentia
940 2139 1049 2214 rebus
1065 2142 1137 2212 suis
1155 2140 1307 2213 multum
1324 2154 1452 2213 nutan-

388 2254 484 2327 tibus
503 2254 722 2354 dilapsisque
750 2256 786 2327 in
808 2258 968 2345 Francia,
998 2256 1198 2329 remedium
1224 2256 1446 2329 afferretur¹.

388 2374 473 2443 Post
499 2371 599 2467 cujus
625 2371 838 2460 adventum,
867 2371 1027 2443 videntes
1056 2370 1191 2467 Anglici
1215 2371 1450 2444 Parisiensem

387 2485 515 2559 urbem
541 2488 667 2560 ricinis
689 2488 967 2585 circumquaque
992 2486 1135 2586 oppidis
1166 2511 1209 2559 ac
1244 2487 1450 2557 munitioni-

370 2601 467 2695 bus,
484 2627 562 2700 quae
578 2602 624 2676 ad
640 2607 794 2677 Francos
810 2601 1027 2696 deiecerant,
1045 2602 1100 2675 vel
1118 2602 1227 2675 armis
1240 2616 1302 2674 aut
1314 2601 1450 2673 insidiis

385 2716 432 2793 ad
446 2742 509 2791 eos
524 2734 774 2817 pervenerant,
795 2719 947 2815 graviter
960 2719 1118 2818 opprimi
1133 2718 1234 2814 (nam
1250 2731 1286 2789 et
1300 2716 1450 2790 Latinia-

386 2832 1448 2933 cumsupraMatemam¹,etSanctum-Dionysiumobtinue·

385 2963 484 3041 rant,
499 2974 583 3023 cum
605 2949 682 3022 aliis
705 2950 866 3049 plurimis
890 2949 1089 3042 fortaliciis,
1114 2964 1150 3021 et
1177 2948 1271 3023 same
1294 2962 1330 3021 et
1350 2962 1448 3047 peste

325 3096 333 3112 ·
386 3080 492 3163 atque
508 3067 614 3138 variis
630 3065 888 3139 calamitatibus
902 3066 989 3139 urbs
1003 3067 1080 3164 ipsa
1098 3063 1345 3138 miserabiliter
1361 3088 1447 3137 con·

386 3179 571 3253 siciebatur
590 3196 625 3253 et
649 3180 881 3281 vastabatur),
904 3181 1155 3254 obsidionibus
1174 3196 1209 3253 et
1237 3181 1346 3253 armis
1369 3179 1448 3278 plu·

386 3294 476 3367 rima
492 3320 603 3395 parva
619 3296 760 3369 castella
775 3311 1043 3397 recuperarunt.

733 3575 990 3646 CdPl'lULUlll
1013 3576 1089 3645 XV.

385 3738 528 3795 obsidetur
534 3736 729 3811 compendium
740 3740 773 3793 ab
782 3738 874 3811 Anglis
883 3752 908 3793 et
917 3736 1163 3813 Burgundionibus,
1173 3738 1220 3791 ubi
1230 3737 1335 3792 Joanm
1343 3736 1443 3804 Puella,

420 3828 455 3885 de
467 3829 570 3904 oppido
582 3830 685 3885 ἰπιιειιι
698 3830 725 3883 in
741 3830 848 3897 hostes,
860 3830 895 3883 ab
909 3848 965 3885 nno
977 3828 1168 3903 Burgundiones
1179 3831 1284 3903 capitur
1294 3842 1319 3883 et
1330 3828 1446 3900 Anglicir

419 3920 571 3977 venditur&

435 4045 555 4132 Quum
582 4060 701 4119 autem
723 4046 988 4147 Compendium
1013 4072 1123 4146 supra
1147 4052 1280 4121 lsaram
1306 4046 1443 4119 flumen

387 4180 470 4229 cum
485 4160 797 4256 Burgundionibus
813 4165 879 4262 ipsi
897 4166 1030 4263 Anglici
1044 4164 1184 4263 jamdiu
1200 4163 1440 4251 obsedissent,

429 4324 458 4383 l.
471 4320 516 4379 On
535 4318 562 4379 le
576 4322 607 4381 lit
620 4321 780 4403 dibarquer
793 4331 810 4386 a
823 4327 916 4389 Calais
930 4328 957 4388 le
972 4332 1011 4389 23
1023 4330 1096 4389 avril
1108 4333 1198 4390 1430.
1222 4380 1231 4395 ,

427 4414 456 4469 2.
478 4414 772 4491 lagny-sur-ttame.

425 4502 463 4647 ἲν
478 4498 614 4648 (ἓὴιιξίὅῐῖο
635 4498 767 4581 imprime
790 4503 861 4563 dans
882 4505 1012 4567 l'ddition
1034 4507 1085 4567 det
1097 4508 1199 4567 Procris
1214 4510 1252 4566 dc
1265 4511 1295 4566 la
1308 4510 1441 4583 Pucelle,

386 4600 409 4651 t.
465 4632 474 4663 ,
489 4608 520 4668 p.
601 4633 607 4647 .
