3892 5892
739 932 850 999 LIBllll
870 936 1070 997 SECUNDUS.
1396 929 1434 987 77

378 1064 538 1162 receptui
562 1063 786 1153 cecinerunt,
814 1077 850 1134 et
866 1086 940 1133 non
966 1059 1100 1158 absque
1116 1058 1250 1130 damno
1269 1070 1304 1129 et
1325 1056 1436 1129 dede-

379 1204 462 1251 core
478 1192 575 1250 retro
592 1175 758 1251 abierunt
769 1180 790 1249 ¹.

428 1300 516 1385 Quae
526 1319 609 1367 cum
621 1294 682 1385 ita,
696 1309 826 1366 temere
838 1294 922 1365 satis
936 1294 1126 1383 intentata,
1146 1290 1183 1361 in
1199 1290 1296 1361 irrita
1314 1286 1437 1360 cessis·

380 1424 471 1497 sent,
489 1426 526 1483 et
539 1411 576 1483 in
588 1410 923 1511 Sancto-Dionysio,
941 1433 1042 1508 paene
1057 1408 1334 1505 circumquaque
1345 1410 1439 1477 inter

379 1520 499 1593 hostes
513 1522 692 1609 conclusi,
710 1520 771 1618 qui
785 1520 943 1592 civitates
961 1534 997 1592 et
1012 1516 1155 1591 castella
1170 1518 1286 1589 vicina
1301 1517 1440 1589 detine-

379 1634 482 1726 bant,
501 1636 706 1708 victualium
729 1650 1006 1733 caeterarumque
1026 1659 1145 1706 rerum
1163 1635 1439 1706 necessariarum

380 1750 501 1849 inopia
517 1753 642 1824 Franoi
661 1765 918 1849 premerentur,
937 1752 1032 1823 circa
1055 1750 1313 1835 Silvanectum,
1332 1774 1440 1848 quam

380 1867 559 1939 civitatem
583 1865 716 1963 Anglioi
742 1866 983 1965 occupabant,
1002 1864 1153 1938 abcessit
1177 1890 1238 1937 rex
1266 1890 1348 1937 cum
1374 1889 1441 1935 suo

382 1982 549 2054 exercitu.
564 1983 616 2054 Ad
633 2007 742 2079 quarn
754 1980 1018 2055 defendendam
1033 1981 1213 2053 civitatem
1223 1981 1355 2072 statim,
1369 1984 1442 2052 An-

382 2098 523 2197 glorum
540 2100 729 2171 contractis
746 2098 904 2196 undique
921 2099 1048 2199 copiis,
1067 2098 1223 2170 occurrit
1239 2097 1312 2168 dux
1334 2096 1443 2168 Beth-

382 2213 527 2308 fordiae,
556 2228 741 2312 castraque
769 2227 920 2285 metatus
946 2227 1021 2301 est,
1048 2237 1127 2309 quae
1153 2236 1196 2283 ex
1225 2210 1443 2309 quibusdam

383 2331 514 2426 stagnis
539 2328 799 2428 paludibusque
822 2328 1067 2426 adjacentibus
1089 2328 1283 2399 munitiora
1308 2330 1343 2397 et
1367 2351 1442 2398 non

382 2444 451 2516 nisi
463 2469 546 2517 cum
559 2442 766 2518 difficultate
783 2460 816 2515 et
835 2444 994 2543 periculo
1016 2440 1230 2515 accessibilia
1246 2440 1443 2514 reddeban-

384 2574 454 2631 tur.
474 2564 515 2632 ln
532 2560 664 2657 quibus
685 2585 768 2631 oum
792 2560 929 2659 aliquot
946 2559 1197 2659 permansisset
1212 2554 1350 2649 diebus,
1367 2571 1401 2628 et
1422 2581 1443 2628 a

386 2678 601 2748 Francorum
614 2678 768 2748 exercitu
779 2690 870 2748 esset
881 2678 982 2775 quasi
993 2675 1170 2764 obsessus,
1181 2698 1248 2745 neo
1258 2673 1444 2772 pugnandi

384 2792 526 2897 copiam
543 2793 657 2865 lacere
673 2806 790 2865 tutum
803 2792 978 2865 ullatenus
991 2792 1218 2879 existimaret,
1237 2797 1349 2862 noctu
1360 2814 1443 2863 curn

384 2906 457 2979 suis
473 2908 625 3005 Anglicis
641 2908 791 2983 Parisios
809 2933 932 2982 versus
948 2909 1133 3009 repedavit
1141 2911 1162 2979 ¹.

728 3202 985 3273 CAPITULUM
1009 3204 1100 3273 xtt'.

385 3358 530 3427 Quomodo
541 3362 630 3435 plures
642 3364 757 3419 civitates
767 3362 914 3419 Galliarum
925 3366 959 3421 ab
971 3367 1087 3438 Anglicir
1099 3366 1134 3419 ad
1143 3368 1270 3421 Catulum
1280 3368 1444 3423 Francorum

516 3470 603 3525 regem
616 3454 768 3508 deiecerunt
775 3494 783 3521 ,
795 3468 820 3509 et
829 3454 966 3526 quomodo
979 3457 1125 3511 Carnotnm
1139 3457 1189 3510 tuit
1198 3470 1316 3529 ceptum

439 3628 521 3712 Quo
535 3624 701 3717 abeunte,
716 3626 837 3698 civitas
849 3626 1090 3699 Silvanectum
1102 3627 1322 3701 deditionem
1338 3629 1443 3720 secit3

389 3741 490 3839 quod
505 3756 541 3815 et
562 3740 766 3840 simpliciter
782 3743 1065 3842 Compendium,
1085 3742 1289 3837 Belvacum,
1308 3747 1448 3818 Laudu·

389 3882 493 3948 num,
515 3859 669 3947 Suessi0,
692 3860 843 3957 Senonis
871 3858 936 3957 [et]
959 3860 1068 3959 paulo
1089 3874 1171 3960 post
1185 3861 1356 3960 pleraque
1380 3862 1447 3933 alia

392 3972 524 4067 oppida
555 3986 590 4044 et
614 3971 755 4045 castella
779 3973 959 4063 fecerunt,
979 3974 1015 4045 in
1032 3974 1163 4073 quibus
1179 3976 1275 4048 nulla
1293 3974 1447 4048 militum

392 4086 576 4180 prasidio,
595 4087 650 4161 vel
663 4088 795 4167 civium
808 4114 850 4161 ac
865 4088 1065 4162 incolarum
1086 4116 1239 4164 numero
1255 4116 1297 4164 ac
1312 4090 1449 4164 viribus

392 4198 542 4299 imparia
559 4216 664 4301 atque
681 4204 866 4323 inferiora,
884 4206 1104 4279 exstiterunt.

433 4388 464 4444 t.
485 4386 831 4465 taeaseprembrettts.

433 4476 463 4532 Ξ.
487 4478 565 4552 Ilya
578 4475 767 4537 interversion
782 4477 832 4537 des
841 4478 905 4539 laits
918 4478 1102 4540 daustoutoe
1111 4480 1292 4561 pangraphe
1301 4492 1330 4540 et
1340 4481 1411 4542 dana
1421 4486 1450 4544 le

393 4562 519 4623 suivant.
534 4566 575 4621 La
589 4578 739 4625 rencontre
751 4566 791 4625 du
805 4566 861 4626 duc
869 4568 907 4627 de
919 4568 1057 4627 Betblord
1071 4582 1099 4627 et
1108 4570 1150 4627 les
1162 4574 1318 4648 conquttes
1328 4590 1366 4631 au
1375 4570 1450 4632 nord

395 4650 432 4711 de
444 4651 525 4713 Paris
537 4666 640 4713 curent
652 4654 712 4714 lieu
724 4666 811 4714 avant
824 4656 851 4717 la
868 4656 1004 4718 tentative
1018 4658 1086 4717 faite
1095 4678 1147 4719 sur
1158 4659 1239 4719 Paris
1248 4660 1406 4724 lui-meme.
