3892 5892
647 860 653 871 ›
720 910 829 972 urna
849 908 1032 986 Quamne.
1146 862 1149 869 Ι
1355 918 1409 976 ιιι

363 1037 515 1109 ιιιιιιιιιιιι
525 1051 689 1126 manum,
709 1056 781 1133 qua
797 1032 1001 1135 reipublice
1015 1048 1050 1108 et
1071 1036 1138 1109 toti
1155 1058 1265 1135 regno
1288 1038 1413 1113 terrori

363 1154 433 1225 sint
457 1162 564 1253 atque
589 1150 782 1226 formidini.
810 1150 860 1225 ιιι
884 1172 927 1225 eo
947 1166 1066 1225 autem
1092 1162 1231 1249 quantoe
1247 1146 1413 1230 utilitates

361 1264 510 1343 subditis
534 1266 765 1369 proveniant,
785 1269 847 1367 qui
867 1260 1002 1341 talis
944 1288 981 1341 ιιι
984 1265 1138 1341 felicitati
1155 1260 1390 1368 subjiciuntur
1400 1324 1411 1361 ,

361 1392 583 1490 compertum
615 1395 678 1489 est.
720 1386 868 1457 Necesse
901 1380 997 1455 eninr
1035 1378 1169 1457 habeut
1203 1400 1411 1487 utrumque,

363 1502 536 1574 tributum
551 1484 659 1600 atque
674 1497 850 1592 militiam,
871 1499 1056 1589 sustinere,
1079 1514 1126 1592 et,
1141 1492 1265 1594 velint,
1284 1503 1411 1596 nolint,

362 1615 513 1690 tolerare
526 1615 625 1716 quod
641 1615 810 1688 Romanis
828 1612 915 1687 olim
931 1612 1038 1688 lbisse
1059 1618 1349 1691 onerosissimum
1363 1629 1415 1692 at-

363 1748 434 1827 que
459 1730 737 1804 infellcissimum
761 1729 907 1828 Crispus
935 1727 995 1801 ait.
1023 1730 1113 1803 Cum
1141 1729 1262 1825 enirn,
1290 1746 1415 1829 agente

363 1837 553 1961 hominum
571 1844 703 1923 malitia
713 1871 808 1946 ‚qua
825 1840 1002 1947 praecipue
1022 1842 1160 1944 tyranni
1175 1840 1297 1949 repleti
1311 1864 1412 1943 sunt,

362 1976 531 2095 praetextu
552 1964 768 2038 necessitatis
787 1962 835 2035 ad
851 1982 907 2034 res
923 1960 1153 2060 voluptuosas
1169 1980 1204 2037 et
1220 1907 1416 2064 superflual
1465 1995 1468 2005 .

362 2079 472 2152 laellis
488 2076 534 2153 sit
555 2078 765 2178 prolapsus,
792 2100 875 2151 cum
892 2103 959 2179 pro
981 2072 1165 2179 stipendiis
1190 2078 1268 2156 talis
1287 2083 1416 2157 militie

364 2192 505 2290 tyranni
526 2194 713 2294 imponere
737 2190 888 2269 subditis
909 2186 1040 2268 tributa
1062 2205 1169 2294 atque
1194 2220 1289 2273 nova
1306 2216 1417 2274 onera

364 2309 589 2407 vectigalium
614 2312 852 2385 necessarium
877 2304 1033 2402 ducant,
1059 2334 1135 2383 non
1160 2332 1203 2386 ea
1221 2314 1416 2413 quantitate

365 2424 645 2517 contenderint,
671 2447 748 2523 quae
776 2424 824 2498 ad
849 2421 921 2498 boc
943 2425 1061 2525 ipsum
1088 2438 1206 2526 posset
1229 2416 1414 2524 sufficere3

366 2538 428 2614 sed
446 2538 492 2615 ad
516 2540 709 2641 explendas
724 2560 805 2614 suas
821 2534 986 2613 libidines
1002 2553 1201 2641 respectum
1218 2542 1390 2617 babentes
1406 2602 1416 2638 ‚

365 2656 547 2730 immensis
563 2667 598 2729 et
614 2650 896 2729 intolerabilibus
913 2653 1149 2750 tributis,'sub
1159 2656 1266 2755 hujus
1277 2658 1367 2731 fictae
1383 2670 1418 2732 et

364 2775 536 2847 simulatae
556 2772 643 2844 falso
659 2770 873 2844 necessitatis
889 2772 1119 2871 utilitatisque
1140 2772 1341 2871 reipublicae
1358 2800 1418 2847 co·

365 2889 458 2983 lore,
482 2886 628 2962 miseros
653 2886 815 2960 subditos
836 2902 1018 2987 premunt.
1052 2884 1190 2975 Quibus
1206 2911 1297 2961 cum
1322 2890 1418 2965 nulla

295 3042 304 3057 ·
365 3004 411 3078 sit
425 3002 636 3093 reluctandi,
654 3015 753 3075 metu
769 3016 972 3100 premente,
993 2998 1152 3095 facultas,
1179 3000 1217 3074 iu
1234 3002 1327 3076 hanc
1345 3030 1418 3077 ser·

365 3116 513 3192 vitutem
530 3118 769 3191 devolvuntur
790 3130 847 3205 ut,
872 3112 982 3188 'velutl
1001 3114 1082 3188 vilia
1107 3118 1302 3216 mancipia,
1329 3112 1417 3191 nibil

367 3234 523 3343 habeant
538 3230 637 3329 quod
653 3254 758 3303 suum
775 3230 913 3328 possint
930 3228 1129 3304 audeantrc
1147 3250 1314 3325 asserere,
1331 3233 1418 3304 sint-

368 3333 437 3449 que
449 3370 469 3421 a
480 3345 653 3444 tyrannis,
664 3369 731 3443 pro
750 3362 875 3415 eorum
891 3341 969 3415 solo
987 3360 1077 3416 nutu
1090 3357 1125 3417 et
1141 3343 1336 3435 volontate,
1355 3338 1419 3418 tal

367 3464 514 3553 liabiles,
531 3462 632 3534 nullo
651 3461 720 3532 ab
710 3459 795 3559 rpsis
815 3457 992 3532 consenso
1017 3460 1199 3559 requisito
1226 3458 1269 3533 Et
1285 3461 1419 3533 nedum

367 3585 405 3655 in
415 3579 523 3653 bonis
537 3577 762 3651 subditorum
771 3572 885 3675 (quod
896 3574 1015 3648 forsan
1034 3589 1227 3675 utcumque
1237 3572 1420 3649 tolerabile

367 3700 484 3798 esset),
493 3695 557 3770 scd
566 3707 602 3769 et
615 3694 868 3794 vrtaenecrsque
875 3714 1001 3767 eorum
1016 3714 1139 3794 parem
1149 3716 1191 3770 ac
1196 3692 1419 3769 consimilem

366 3842 431 3919 per
459 3814 580 3889 omnia
609 3808 676 3885 sibi
706 3823 889 3885 assumunt
916 3827 1155 3912 exercentque
1185 3826 1418 3913 potestatem

367 3932 497 4031 quibus
518 3926 645 4021 etiam,
666 3936 706 4000 ut
730 3925 826 3999 idem
842 3927 985 4041 Crispus
1001 3931 1069 4023 ait,
1095 3924 1184 4001 boni
1210 3950 1319 4027 quam
1337 3922 1419 4003 mall

368 4046 601 4147 suspectiores
615 4061 714 4135 sunt,
740 4063 950 4143 semperque
973 4044 1024 4115 eis
1041 3984 1154 4119 aliena
1172 4044 1283 4117 virtus
1300 4040 1420 4118 lormi-

367 4159 492 4238 dolosa
507 4178 571 4238 est.

417 4271 497 4349 Et
487 4301 525 4350 ιιι
553 4272 647 4352 banc
676 4274 824 4373 quidem
850 4272 1027 4348 miseriam
1037 4194 1280 4348 tributorum
1315 4287 1420 4374 atque

369 4390 594 4468 exactionum
618 4406 811 4466 extremam
836 4392 1041 4463 servitutem
1066 4411 1127 4488 reg
1128 4388 1216 4463 num
1239 4390 1418 4485 Francia,
1472 4456 1476 4465 ,

369 4506 490 4587 nobile
503 4508 687 4611 quondam
701 4534 743 4583 ac
757 4508 922 4599 liberum,
939 4508 1006 4580 sub
1026 4522 1192 4607 praetextu
1205 4510 1421 4584 necessitatls

369 4624 474 4727 hujus
489 4620 619 4700 mtliriae
635 4620 871 4725 stipendiarie
884 4619 1089 4716 retinenda,
1108 4606 1317 4700 devolutum
1346 4635 1417 4720 est,
