3892 5892
527 954 585 1011 20⁰
716 1026 719 1031 ,
812 931 1068 1005 msromanuu
1086 942 1221 1003 ciaon
1243 944 1296 1001 vn

528 1071 753 1150 obtinebant.
778 1073 1013 1143 Cum-autem
1027 1091 1101 1140 uno
1119 1066 1196 1159 die,
1213 1088 1335 1138 mense
1350 1061 1463 1159 maio,
1483 1074 1523 1136 ut
1538 1088 1585 1137 ex

527 1214 629 1263 more
644 1200 887 1278 assueverant,
903 1185 998 1256 circa
1016 1197 1135 1255 ortum
1155 1178 1238 1255 solis
1257 1206 1323 1281 per
1338 1196 1485 1283 pontem
1498 1206 1585 1253 cum

527 1307 600 1392 suis
615 1302 779 1377 curribus
791 1289 972 1386 transituri
981 1299 1193 1392 venissent¹,
1208 1296 1490 1393 clamassentque
1505 1320 1586 1367 cus-

527 1421 604 1494 todi
623 1420 742 1521 pontis
756 1431 932 1515 quatenus
947 1415 998 1487 eis
1011 1415 1199 1487 transitum
1210 1398 1393 1512 etportam
1406 1413 1581 1511 aperiret,

528 1537 603 1629 ille,
630 1560 694 1635 spe
718 1556 824 1606 suum
852 1529 997 1603 solitum
1022 1529 1256 1602 honorarium
1280 1526 1541 1625 consequendi,
1561 1552 1585 1601 e

527 1667 639 1725 stratu
651 1676 718 1725 suo
728 1648 889 1721 alacriter
904 1672 1143 1745 consurgens,
1162 1646 1234 1721 suis
1249 1645 1378 1744 aurigis
1394 1644 1461 1719 sibi
1478 1644 1586 1717 notis-

526 1770 624 1841 simis
646 1768 766 1839 statim
777 1774 929 1865 'pontem
947 1766 1087 1864 aperuit
1103 1780 1140 1837 et
1154 1764 1318 1861 januam,
1336 1762 1426 1835 nihil
1441 1760 1586 1835 insidia-

530 1910 609 1956 rum
631 1880 748 1959 dolive
765 1879 975 1978 suspicatus.
996 1884 1078 1952 Erat
1095 1878 1154 1950 ille
1169 1879 1323 1975 armiger
1338 1878 1515 1975 Anglicus,
1531 1880 1586 1949 vir

528 2021 721 2096 generosus
736 2010 778 2068 et-
788 2018 941 2093 corpore
950 1994 1245 2067 valde-robustus.
1261 1998 1352 2067 Cum
1365 2008 1485 2065 autem
1499 1992 1586 2065 alter

528 2139 572 2185 ex
593 2111 723 2209 aurigis
746 2109 814 2183 sub
835 2108 979 2182 colobio
998 2110 1196 2183 rusticano¹
1213 2134 1312 2183 arma
1329 2123 1437 2211 atque
1463 2109 1586 2207 pugio-

529 2241 613 2303 ne'm
649 2241 808 2326 tegeret,
852 2241 888 2299 et
925 2250 1037 2323 usque
1054 2250 1176 2325 supra
1215 2207 1404 2323 leraticum
1439 2238 1586 2326 pontem

530 2370 676 2418 currum
698 2366 805 2423 suum
823 2341 1041 2431 advexisset,
1062 2341 1134 2413 ictu
1150 2342 1313 2439 pugionis
1326 2343 1444 2440 ipsum
1462 2339 1586 2439 Angli-

531 2486 615 2533 cum
640 2458 825 2531 custodem
844 2470 959 2555 portae
981 2456 1157 2546 confodit,
1183 2470 1280 2529 etex
1306 2457 1379 2529 alto
1397 2458 1434 2528 in
1453 2456 1585 2529 flumen

531 2575 774 2674 praecipitavit.
785 2578 868 2644 Erat
882 2569 978 2645 enim
988 2573 1063 2671 ipsc
1076 2572 1197 2669 auriga
1207 2572 1262 2645 vir
1270 2572 1401 2645 mititiae
1412 2586 1585 2663 assuetus,

532 2690 684 2763 multum
713 2690 821 2761 etiam
850 2687 1033 2759 robustus.
1059 2690 1149 2758 Cum
1180 2701 1299 2761 autem
1330 2689 1379 2759 ita
1405 2689 1588 2761 actitatum

531 2822 647 2900 esset,
675 2806 792 2877 statim
816 2805 942 2900 auriga
965 2804 1040 2901 ipse
1064 2802 1258 2877 clamorem
1278 2804 1437 2878 validum
1454 2804 1585 2897 emisit,

533 2924 764 3017 signumque,
781 2920 883 3015 juxta
893 2917 1116 2992 adstantibus
1134 2934 1168 2992 et
1183 2920 1220 2991 in
1234 2919 1368 2995 insidiis
1381 2923 1417 2993 in
1432 2921 1589 3019 quadarn

533 3035 681 3107 aedicula
712 3036 916 3133 propinqua
945 3034 1154 3129 latentibus,
1185 3039 1328 3110 Francis
1357 3037 1466 3111 dedit.
1479 3127 1482 3136 ¹
1497 3038 1587 3131 Qui,

534 3153 690 3225 clamore
709 3152 854 3245 audito,
875 3153 951 3225 sine
969 3176 1070 3227 mora
1089 3151 1140 3251 ad,
1153 3168 1296 3253 portam
1309 3156 1346 3227 in
1363 3180 1434 3252 qua
1449 3154 1591 3227 stabant

535 3267 664 3365 aurigae
680 3282 931 3360 accurrerunt,
947 3282 1132 3366 etportam
1142 3269 1363 3370 munientes,
1381 3269 1467 3342 dato
1484 3270 1585 3366 signo

535 3385 611 3457 aliis
626 3385 662 3454 in
676 3383 791 3454 multo
809 3384 944 3479 majore
954 3407 1106 3455 numero
1117 3383 1422 3457 commilitonibus
1431 3384 1515 3477 suis,
1530 3382 1592 3480 qui

536 3498 645 3599 paulo
657 3497 846 3571 distantius
857 3500 894 3569 in
913 3498 1057 3571 latebris
1067 3498 1283 3597 quibusdam
1295 3524 1334 3571 se
1346 3498 1588 3587 occuluerant,

535 3623 599 3689 'eos
619 3614 786 3711 clangore
807 3614 903 3687 tubae
920 3614 1175 3707 accersierunt,
1189 3616 1251 3713 qui
1270 3615 1430 3690 similiter
1444 3629 1485 3688 ut
1496 3616 1593 3715 pric-

537 3756 594 3803 res
615 3752 771 3829 propero
790 3754 897 3803 cursu
914 3731 1169 3825 adventantes,
1192 3731 1328 3830 equites
1347 3731 1453 3805 simul
1477 3748 1513 3805 et
1532 3758 1592 3835 pe·

577 3945 606 4002 t.
629 3940 738 4001 Robert
755 3939 876 4001 Blondel
898 3960 1015 4001 nomme
1034 3943 1108 4002 celui
1126 3944 1177 4021 qui
1197 3943 1357 4005 condnisait
1376 3946 1405 4007 le
1423 3948 1543 4023 cona-oi,
1565 3962 1595 4007 et

535 4032 632 4106 ajoute
644 4032 716 4109 qn'ii
731 4032 809 4091 avait
821 4031 952 4109 prevenu
966 4034 983 4089 a
996 4029 1125 4091 Pavance
1138 4033 1164 4092 le
1178 4035 1288 4113 portier
1304 4056 1311 4091 t
1331 4062 1344 4087 ι
1356 4036 1474 4113 quidam
1489 4055 1597 4097 mema-

537 4135 581 4181 tor
600 4122 777 4181 Guiltermus
792 4126 881 4192 noer,
900 4122 1055 4181 Incoreris
1079 4122 1238 4196 oriundus,
1257 4124 1305 4184 vir
1325 4124 1448 4208 ingentis
1469 4122 1596 4185 audaciae

536 4224 564 4270 et
589 4213 669 4271 mirae
693 4211 824 4284 asturiae,
852 4230 890 4271 ex
912 4208 999 4269 rebus
1024 4230 1096 4289 quas
1126 4210 1337 4292 Rothomagum
1364 4210 1471 4273 du'cere
1497 4214 1596 4273 solitus

536 4314 614 4374 erat,
630 4300 800 4379 quadrigam
817 4313 919 4360 onerat
944 4315 973 4359 et
993 4320 1047 4381 per·
1069 4304 1284 4363 Pontis-Arcam
1303 4316 1496 4381 transmeans,
1512 4304 1596 4365 castri

533 4388 686 4461 janitorem
704 4391 839 4450 attentius
857 4401 921 4449 orat
940 4402 973 4449 ut
994 4410 1074 4465 cras,
1095 4411 1208 4451 summo
1224 4412 1324 4469 mane,
1338 4394 1409 4454 alias
1422 4406 1597 4455 mercaturas

409 4478 424 4497 “
537 4481 692 4539 Locoveris
719 4481 871 4558 quaesitum
892 4492 1062 4559 reparatum
1083 4496 1194 4561 portum
1210 4484 1359 4564 aperiat.»
1382 4490 1505 4545 Assertio
1521 4488 1597 4545 Nor·

535 4578 671 4644 marture,
687 4570 707 4631 Ι.
724 4574 869 4644 1,c.v11.

576 4660 606 4717 2.
629 4662 711 4720 Sorte
724 4660 761 4719 de
774 4661 929 4723 limousine
940 4682 998 4743 que
1011 4662 1154 4745 portaient
1168 4664 1211 4724 les
1222 4682 1356 4745 prytans.
