3892 5892
735 881 845 942 nass
869 883 1051 957 Qumms.
1369 882 1427 941 sos

372 1004 584 1080 nominatim
599 1003 898 1105 comprehensus,
914 1018 1040 1076 neutra
1058 1026 1138 1102 pars
1148 1002 1185 1075 in
1199 1026 1282 1076 eum
1294 1004 1428 1103 aliquid

372 1122 501 1196 hostile
515 1124 711 1218 attentans,
730 1148 751 1195 a
775 1137 925 1221 ruptura
948 1119 1201 1228 et‘violatione
1225 1136 1425 1221 tr'eugamm

373 1262 412 1311 se
426 1236 681 1310 rationabiliter
696 1261 862 1310 excusare
877 1236 1063 1336 potuisset.

421 1355 505 1448 liaec
520 1352 625 1450 igitur
636 1353 701 1425 suit
717 1352 906 1452 represalia
918 1377 981 1425 seu
991 1353 1194 1451 pignoratio
1210 1352 1342 1451 prima,
1359 1378 1428 1459 pro

374 1481 521 1567 captura
536 1467 661 1567 oppidi
673 1468 830 1567 praedicti
846 1468 892 1540 de
907 1467 1097 1565 Fulgeriis,
1115 1467 1266 1565 Anglicis
1278 1469 1429 1543 reddita.

375 1587 420 1655 Et
440 1584 633 1682 siquidem
649 1584 768 1658 adhuc
793 1586 860 1683 ipsi
879 1583 1034 1683 anglici,
1063 1608 1222 1657 errorem
1239 1611 1343 1659 suurn
1368 1612 1431 1660 co·

376 1716 607 1799 gnoscentes,
641 1700 917 1774 satisfactionem
945 1701 1078 1797 justam
1110 1726 1176 1799 pro
1206 1726 1272 1775 suo
1304 1702 1432 1801 injuste

377 1827 549 1887 attentato
577 1814 716 1887 realiter
742 1812 973 1905 obtulissent,
1005 1814 1184 1888 ferebatur
1210 1820 1428 1891 Francorum

377 1955 497 2029 regem
525 1956 568 2003 ex
593 1944 694 2029 parte
718 1954 782 2003 sua
807 1928 1082 2001 satisfactionem
1104 1932 1253 2031 Anglicis
1274 1933 1428 2028 offerre,

377 2060 588 2145 treugasque
606 2067 718 2143 usque
739 2044 786 2117 ad
812 2043 977 2117 ultimum
996 2068 1123 2117 eorum
1153 2048 1344 2121 terminum
1370 2076 1432 2123 vo

377 2162 485 2239 luisse
500 2186 652 2236 servare.

727 2381 983 2451 CAP1TULUM
1007 2382 1082 2449 XV.

468 2546 588 2613 Qualiter
597 2546 714 2601 conchis
725 2560 751 2600 et
761 2548 920 2613 vernolium
929 2564 979 2620 per
991 2546 1108 2601 Francos
1119 2559 1225 2619 recepta
1236 2548 1350 2603 fuerunt.

429 2703 501 2777 Sed
518 2728 603 2776 cum
628 2701 826 2800 auglorum
853 2701 1022 2802 superbia
1042 2716 1150 2799 atque
1172 2704 1318 2775 avaritia
1339 2702 1385 2776 ad
1402 2704 1438 2775 id

381 2820 528 2893 minime
541 2818 635 2891 flecti
650 2832 816 2917 possent,
836 2841 912 2889 nou
928 2842 973 2889 eo
990 2840 1103 2913 usque
1124 2816 1309 2890 dumtaxat
1329 2823 1441 2891 Fran-

380 2964 508 3012 corum
523 2938 689 3035 quievere
700 2949 862 3008 conatus.
878 2936 1088 3032 Floquetus‚
1106 2934 1168 3032 qui
1179 2934 1268 3008 alter
1277 2960 1321 3009 ex
1335 2939 1441 3008 Fran·

382 3078 508 3127 corum
523 3052 655 3123 militiae
671 3050 823 3123 ducibus
844 3049 891 3121 ad
915 3050 1115 3123 custodiam
1135 3050 1286 3123 civitatis
1309 3051 1443 3123 Ebroi·

383 3169 498 3240 censis
513 3168 735 3264 capitaneus¹
746 3180 835 3255 erat,
851 3178 997 3234 centum
1012 3164 1149 3236 habens
1163 3165 1303 3238 lanceas
1320 3166 1386 3238 sub
1404 3192 1442 3239 se

383 3282 709 3355 strenuissimorum
734 3278 925 3365 militum',
945 3276 1159 3375 oppidulum
1181 3280 1357 3351 Conchis⁸
1374 3304 1443 3377 per

385 3397 618 3471 industriosas
641 3392 830 3492 occupavit
855 3390 1010 3463 insidias.
1041 3392 1180 3464 Deinde
1203 3379 1334 3485 etiam,
1365 3419 1440 3467 non

386 3512 506 3585 multis
519 3508 672 3583 subinde
684 3501 996 3594 decursis'diebus‚
1011 3506 1166 3579 factione
1186 3509 1291 3579 unius
1311 3508 1443 3581 multo·

386 3630 479 3701 rum·
491 3626 571 3724 qui,
594 3626 694 3723 juxta
711 3636 852 3721 portam
867 3618 1027 3693 Vemolii
1043 3676 1052 3713 ,
1070 3618 1106 3691 in
1126 3620 1285 3718 quodam
1307 3621 1445 3696 molen-

430 3808 459 3868 1.
479 3805 504 3865 ΙΙ
520 3806 583 3865 faut
595 3800 726 3863 trsduire
738 3799 831 3859 builli.

428 3900 458 3955 2.
482 3896 507 3955 ΙΙ
529 3896 598 3955 erait
619 3893 735 3953 devenn
753 3892 815 3951 l'ua
834 3890 886 3950 des
907 3888 1063 3971 capitaines
1081 3888 1132 3950 des
1152 3890 1335 3969 compagnies
1358 3890 1446 3971 rigu-
1543 3962 1548 3972 ι

387 3984 474 4047 lieres
488 3987 560 4047 dont
571 3984 754 4045 l'institution
766 4002 784 4042 a
798 3983 843 4042 ite
859 3982 1013 4062 rapportie
1029 3980 1185 4041 cidenas.

430 4078 459 4133 3.
478 4076 621 4148 (lenones,
640 4070 824 4148 aujourd’lrui
838 4070 909 4131 dans
922 4070 951 4129 le
966 4070 1165 4149 departement
1178 4069 1216 4129 de
1232 4069 1340 4130 l’Eure.

432 4168 461 4221 4.
486 4192 502 4220 s
514 4166 697 4239 Vemoliunr,
713 4163 787 4223 iufra
799 4161 984 4221 Normanniae
997 4160 1145 4236 terminos,
1161 4161 1191 4218 in
1204 4158 1345 4238 praesldiis
1355 4160 1447 4218 Fran-

390 4252 443 4311 ciae
456 4270 665 4331 constructum,
677 4254 799 4315 circuitu
818 4270 967 4311 murorum
984 4251 1207 4329 amplissimum,
1221 4248 1348 4308 adificiis
1363 4260 1448 4307 tenue

392 4343 551 4423 repletum,
571 4348 639 4404 satis
661 4347 735 4403 fone
749 4356 874 4403 castrum
895 4354 924 4400 et
947 4334 1165 4401 munitissimam
1186 4341 1288 4399 turrim
1308 4340 1445 4399 continet.

394 4438 428 4491 lu
442 4432 530 4490 fossas
549 4432 729 4491 diversorum
747 4432 870 4491 fontium
887 4428 975 4488 rivuli
1000 4428 1099 4505 iocoso
1128 4446 1276 4489 murmure
1297 4428 1449 4505 labentum

396 4518 501 4581 deinde
518 4539 595 4598 aqua
614 4521 760 4600 profluens
777 4538 830 4599 per
843 4518 920 4577 muri
942 4518 1113 4593 fenestram,
1128 4519 1202 4577 infra
1222 4518 1349 4579 vernolii
1368 4520 1450 4581 clau·

395 4630 492 4673 suram
512 4625 644 4691 stagnum
661 4622 723 4669 arte
741 4610 903 4669 confectum
918 4607 1038 4687 implet,
1057 4622 1087 4669 et
1103 4620 1199 4683 extra,
1218 4608 1301 4683 juxta
1324 4608 1449 4680 menia,
