3892 5892
737 910 846 969 uam
866 911 1047 984 orturus.
1356 917 1415 977 aas

363 1030 440 1103 aliis
457 1045 601 1103 centum
619 1031 764 1105 lanceis.
788 1034 936 1127 Ingressi
950 1047 1067 1107 antem
1086 1037 1332 1135 praenominati
1345 1037 1414 1111 dis·

361 1162 660 1248 posueruntcnm
676 1148 811 1221 civibus
838 1149 885 1223 de
907 1150 1033 1224 validis
1055 1152 1313 1225 munitionibus
1338 1155 1414 1227 sine

362 1288 464 1337 mora
487 1263 657 1337 adversus
679 1265 851 1337 Palatium
868 1279 903 1338 et
916 1270 1078 1339 Castrum
1096 1269 1317 1343 exstruendis
1338 1298 1415 1344 mu-

361 1380 571 1477 niendisque
594 1379 768 1453 machinis
783 1397 820 1453 et
838 1381 1072 1475 bombardis,
1092 1410 1165 1481 quo
1188 1386 1309 1457 civitas
1334 1412 1415 1485 per-

362 1510 533 1567 maneret.
554 1498 596 1567 Et
610 1510 688 1567 tote
704 1510 831 1587 nocte,
854 1498 890 1568 in
908 1497 1033 1595 piateis
1047 1499 1173 1572 ricinis
1190 1514 1262 1572 tam
1282 1500 1414 1575 Palatio

361 1636 470 1711 quam
493 1615 638 1705 Castro,
656 1626 849 1685 nocturnas
872 1614 999 1686 armati
1017 1614 1152 1710 vigilias
1177 1615 1355 1709 fecerunt3
1380 1633 1416 1691 et

361 1728 409 1800 ita
424 1752 497 1801 nox
512 1726 569 1800 itta
587 1752 631 1799 eo
650 1727 761 1815 modo
777 1728 913 1825 absque
926 1729 996 1801 alio
1013 1731 1226 1828 pertransiit.

703 2020 958 2091 ctrttututt
982 2024 1072 2092 xxt.

359 2202 464 2271 Quibus
475 2199 644 2274 pretioribus
656 2197 712 2253 dna
723 2199 892 2255 summerseti
903 2212 929 2254 et
945 2198 1032 2253 ceteri
1044 2198 1147 2271 Angiici
1158 2198 1258 2253 dimissi
1272 2214 1332 2254 runt
1344 2202 1416 2255 exire

394 2303 420 2344 ct
430 2290 504 2344 abire
515 2287 550 2341 de
561 2286 662 2341 Palatio
676 2300 702 2342 et
714 2288 806 2341 Carmo
817 2287 891 2343 urbis
903 2288 1078 2361 Rothomngi5
1091 2298 1118 2342 ct
1128 2286 1163 2342 de
1172 2288 1334 2342 Francorum
1348 2290 1417 2361 regis

394 2378 512 2451 ingressu
521 2377 551 2431 in
562 2377 682 2431 eamdem
693 2378 797 2433 urbem.

409 2542 450 2609 lu
463 2535 618 2609 crastino
642 2549 761 2609 autem
781 2535 1018 2631 requisierunt
1039 2534 1112 2608 dux
1135 2537 1363 2608 summerseti
1380 2552 1415 2610 et

359 2652 438 2745 alii,
456 2653 519 2751 qni
534 2676 657 2725 secum
674 2652 710 2722 in
727 2675 825 2724 arces
842 2652 1095 2749 confugerant,
1116 2666 1175 2745 ut,
1192 2658 1292 2750 juxta
1312 2667 1413 2752 pacta

359 2793 438 2868 quae
457 2794 495 2841 se
516 2793 599 2841 cum
621 2769 724 2865 regiis
741 2769 991 2842 commissariis
1018 2770 1140 2842 iecisse
1165 2772 1200 2841 in
1227 2769 1311 2844 villa
1337 2796 1415 2869 quae

358 2884 488 2959 dicitur
504 2889 631 2957 Portus
647 2878 963 2976 Sancti-Audoerii,
983 2885 1207 2977 asserebant,
1236 2888 1285 2958 eis
1309 2885 1416 2987 rebus

358 2999 515 3073 ethonis
538 3012 616 3073 tuto
629 2999 686 3087 ‚ad
707 3024 771 3072 sua
793 2999 893 3073 abire
912 3000 1057 3073 liceret:
1074 3025 1180 3100 super
1195 3024 1268 3097 quo
1291 3025 1414 3074 coram

358 3139 458 3211 rege,
484 3116 609 3211 quiin
638 3117 853 3188 monasterio
882 3116 1035 3215 proesatae
1063 3119 1201 3191 Sanctae
1221 3116 1415 3189 Catharinae

358 3229 557 3327 hospitatus
578 3244 675 3321 erat,
699 3254 764 3327 per
787 3229 863 3301 dies
879 3228 1052 3328 plurimos
1076 3230 1312 3328 disceptatum
1334 3231 1412 3303 tuit.

359 3338 430 3410 Sed
445 3363 529 3410 eum
554 3337 660 3410 nuliis
676 3338 787 3437 pactis
802 3362 886 3410 cnm
909 3340 960 3409 eis
979 3338 1079 3410 iactis
1105 3363 1224 3435 regem
1251 3353 1312 3411 eut
1331 3364 1416 3412 suos

358 3454 493 3552 legatos
510 3478 571 3525 seu
594 3456 803 3526 commissos
831 3454 907 3525 iore
934 3452 1122 3527 obstrictos
1144 3453 1282 3552 liquido
1307 3478 1414 3525 com-

359 3585 501 3670 pertum
515 3568 636 3641 suisset
652 3624 661 3659 ‚
678 3568 778 3665 quod
791 3567 960 3669 petebant
975 3569 1143 3661 minime,
1160 3581 1267 3667 prout
1281 3568 1416 3664 justum

359 3700 451 3779 erat,
472 3686 613 3760 suerunt
626 3690 820 3758 consecuti.
840 3689 881 3756 ln
899 3683 996 3757 dicto
1012 3685 1107 3755 enim
1120 3683 1417 3757 Sancti-Audoeni

360 3810 492 3898 Portu,
510 3803 620 3895 bene,
644 3802 999 3901 interloquendum,
1027 3801 1140 3874 iuerat
1163 3799 1324 3873 oblatum
1346 3806 1417 3873 An·

361 3922 480 4018 giieis,
499 3921 616 4022 qnod,
635 3923 663 3994 si
688 3922 837 3993 civitatis
854 3937 890 3994 et
914 3921 1050 3995 areium
1079 3920 1238 4018 ejusdem
1263 3934 1417 4018 sponta-

362 4064 466 4112 neam
481 4038 701 4112 deditionem
720 4038 834 4110 iacere
849 4039 1004 4130 veilent,
1022 4036 1122 4135 quod
1142 4062 1200 4109 rer
1223 4060 1286 4108 eos
1308 4034 1418 4109 libere

361 4177 444 4225 cum
455 4152 561 4227 bonis
577 4156 649 4227 suis
665 4154 710 4227 ad
723 4180 787 4227 sua
799 4152 933 4253 oppida
943 4153 1042 4226 abire
1056 4154 1292 4251 permitteret:
1308 4176 1416 4250 quam

362 4266 580 4341 oblationem
603 4272 670 4369 ipsi
687 4272 834 4343 minime
860 4268 1047 4341 admittere
1063 4266 1253 4341 voluerunt
1269 4296 1279 4359 ;
1299 4266 1417 4361 unde,

362 4407 446 4456 cum
468 4408 543 4456 nou
572 4409 636 4483 per
661 4388 775 4485 ipsos,
794 4384 858 4458 sed
883 4408 947 4481 per
969 4384 1064 4456 cives
1090 4383 1228 4481 potius,
1248 4384 1298 4455 eis
1314 4382 1418 4457 valde

362 4498 505 4588 inritis,
524 4498 660 4573 deditio
685 4501 778 4573 facta
801 4501 941 4586 suisset,
962 4497 1171 4571 conditione
1195 4498 1354 4589 deiecta,
1371 4500 1418 4572 ad

362 4614 452 4687 nihii
467 4616 519 4688 eis
532 4614 650 4713 gratiae
663 4640 724 4687 rex
741 4640 783 4687 ex
797 4614 1004 4712 hujusmodi
1020 4612 1201 4686 oblatione
1218 4614 1417 4689 tenebatur.
