3892 5892
747 919 1048 994 crnmoumrus.
1367 917 1422 975 arr

376 1055 448 1114 tam
473 1043 566 1117 inter
586 1043 794 1141 semetipsos
817 1067 927 1142 quam
949 1044 987 1114 in
1005 1041 1141 1115 vicinos
1157 1055 1193 1114 et
1213 1042 1427 1140 compatrio-

375 1173 444 1252 tas,
464 1159 575 1232 multa
589 1185 683 1257 saepe
696 1160 819 1256 iniqua
835 1173 870 1232 et
883 1158 1038 1232 uelanda
1052 1173 1309 1258 perpetrarant.
1325 1157 1427 1229 Unde

374 1299 450 1346 non
473 1277 549 1348 siue
573 1277 712 1348 ratione
733 1289 850 1374 potest
872 1275 1058 1364 atinati,
1076 1276 1113 1346 iu
1137 1276 1207 1347 hoc
1229 1276 1279 1346 eis
1308 1276 1427 1372 potius

376 1390 507 1462 utiliter
523 1392 758 1483 consuluisse,
777 1415 886 1489 quam
902 1415 1011 1475 suurn
1026 1390 1072 1463 ab
1089 1391 1139 1462 eis
1154 1391 1289 1488 aliquid
1305 1391 1425 1463 abstu-

373 1504 473 1591 lisse,
492 1506 521 1576 si
535 1505 618 1578 talia
633 1529 677 1578 ea
689 1506 887 1605 privilegia,
907 1525 988 1603 quae
1002 1505 1052 1578 eis
1069 1505 1173 1578 noxia
1184 1520 1291 1603 atque
1301 1505 1427 1578 vicinis

375 1634 410 1690 et
438 1619 699 1692 contribulibus
726 1622 817 1709 suis,
845 1621 966 1720 potius
990 1645 1097 1718 quarn
1119 1621 1268 1718 publicae
1289 1621 1428 1694 utilitati

374 1734 562 1828 profutura
575 1736 795 1828 viderentur,
815 1735 1122 1834 quemadmodum
1133 1737 1178 1809 de
1192 1736 1373 1809 nonnullis
1384 1762 1427 1809 ex

374 1847 622 1945 hujuscemodi
639 1850 916 1950 aprudentibus
931 1851 1016 1925 viris
1032 1875 1107 1924 esse
1125 1851 1315 1925 serebatur.

422 1965 541 2036 Talem
572 1967 837 2060 castigationem
869 1965 1037 2064 superbia
1065 1967 1229 2038 Gandavi
1257 1967 1428 2040 divinitus

374 2079 706 2176 correctionemque
733 2078 893 2178 accepit,
926 2103 1028 2176 quae,
1060 2103 1103 2150 ex
1130 2079 1238 2152 rebus
1265 2080 1429 2154 secundis

373 2194 411 2262 in
437 2207 575 2266 tantum
596 2209 741 2292 tamque
758 2195 971 2268 insolentem
993 2208 1099 2291 atque
1123 2198 1351 2268 temerarium
1366 2196 1429 2268 hu·

376 2293 513 2382 rnorem
530 2311 760 2405 arrogantiae,
782 2326 820 2382 ut
836 2310 1007 2398 diximus,
1026 2325 1250 2401 excreverat,
1265 2325 1305 2382 ut
1321 2312 1429 2382 nemi·

375 2447 458 2495 uem
489 2448 590 2522 paeue
612 2424 817 2496 mortalium
840 2450 907 2497 nec
930 2439 1003 2496 tam
1025 2438 1207 2520 potentem
1231 2424 1428 2520 principem

374 2563 478 2610 suum
492 2540 606 2613 vereri
621 2563 683 2611 seu
702 2541 857 2613 reuereri
873 2539 1065 2611 rideretur.
1087 2538 1136 2610 nd
1154 2537 1428 2635 dependendam
1553 2591 1556 2600 .

377 2679 461 2726 vero
489 2654 718 2753 hujusmodi,
744 2681 818 2754 qua
846 2654 1006 2728 mulctati
1032 2655 1188 2744 fueraut,
1216 2654 1426 2752 pecuniam,

375 2768 475 2842 lacile
490 2794 510 2841 3
529 2769 626 2843 dicto
641 2796 708 2844 suo
726 2771 888 2870 principe
905 2771 1092 2869 impetrata
1103 2795 1211 2870 super
1227 2771 1428 2842 communi·

374 2899 445 2956 tate
468 2909 531 2956 sua
541 2891 563 2976 ¹,
581 2885 752 2958 omnibus
776 2911 896 2960 emere
919 2885 1122 2958 volentibus
1146 2909 1274 2958 census
1290 2907 1430 2956 annuos

374 2997 633 3086 lreraeditarios,
654 3001 711 3073 vel
735 2999 782 3072 ad
810 3002 916 3074 unius
938 3000 1142 3099 pluriumve
1159 3002 1281 3088 vitam,
1299 3000 1430 3072 vendi·

374 3108 517 3184 derunt.
539 3115 643 3186 Unde
658 3117 696 3187 in
720 3116 860 3186 minore
886 3117 1003 3213 spatio
1020 3139 1129 3212 quam
1154 3117 1258 3186 unius
1273 3115 1427 3205 mensis,

374 3247 551 3298 summam
577 3230 782 3327 impositam
804 3227 1041 3324 collegerunt,
1061 3230 1306 3327 majoremque
1329 3227 1430 3300 facile

375 3341 610 3432 invenissent,
634 3346 664 3418 si
690 3345 882 3442 ampliores
904 3345 1024 3416 adhuc
1045 3369 1173 3416 census
1196 3343 1350 3417 vendere
1365 3368 1430 3414 vo·

375 3455 542 3548 luisseut;
569 3483 633 3558 pro
655 3456 784 3556 quibus
806 3459 910 3530 annis
936 3458 1083 3555 singulis
1104 3458 1327 3558 emptoribus
1350 3481 1430 3556 per·

374 3572 570 3664 solvendis,
586 3575 762 3672 gabellum,
784 3573 905 3647 dacias
916 3589 1020 3671 etque
1032 3576 1215 3671 vectigalia
1230 3598 1304 3646 nou
1321 3597 1430 3672 parva

375 3687 627 3787 imposuerunt
640 3693 676 3763 in
694 3715 760 3764 suo
779 3691 941 3790 oppidot
961 3692 999 3762 iu
1017 3715 1091 3790 quo
1108 3693 1234 3784 etiam,
1255 3703 1337 3790 post
1352 3687 1428 3760 dic-

376 3817 448 3875 tam
478 3821 656 3903 stragem,
685 3805 892 3891 serebantur
917 3807 1069 3878 inventae
1101 3806 1267 3878 mulieres
1296 3805 1430 3876 maritis

375 3920 527 3994 viduatae
544 3921 754 4021 peremptis,
773 3921 820 3992 ad
836 3922 962 3994 decem
979 3936 1013 3994 et
1031 3937 1114 3995 octo
1131 3921 1251 3994 millia.

423 4035 493 4106 Sed
519 4051 555 4108 et
577 4037 661 4108 lruic
683 4034 776 4108 eladi
798 4036 865 4108 alia
887 4037 996 4110 etiarn
1019 4063 1092 4109 non
1114 4061 1224 4136 parva
1249 4037 1430 4110 calamitas

375 4152 522 4221 accessit
536 4175 579 4223 ex
594 4165 693 4248 peste
707 4151 918 4248 inguinaria,
930 4174 1039 4248 quam
1052 4152 1268 4251 epidemiam
1279 4165 1428 4240 vocaut3

376 4287 418 4334 ex
432 4287 503 4360 qna
518 4266 631 4337 multa
642 4289 782 4354 eorum,
798 4266 860 4364 qui
873 4265 992 4360 gladio
1006 4269 1157 4364 exempti
1171 4250 1428 4356 remanserunt,

376 4379 487 4450 millia
509 4378 716 4480 absumpta,
737 4396 772 4453 et
793 4405 921 4476 magna
944 4381 1070 4480 oppidi
1096 4383 1243 4454 vastatio
1265 4398 1301 4455 et
1317 4382 1429 4480 depo·

416 4617 446 4676 1.
467 4613 622 4696 corrigar,
637 4622 789 4692 impetrata
801 4619 945 4694 superum
955 4625 1131 4676 immunitate
1145 4637 1208 4676 sera.
