3892 5892
518 894 555 953 ³2
809 892 1068 954 mosomum
1086 894 1224 953 canon
1242 894 1298 953 vn

517 1012 708 1087 satellitum
737 1012 842 1089 turba
873 1016 1059 1115 stipatum,
1088 1032 1124 1090 et
1151 1032 1282 1119 putans
1312 1014 1470 1113 aliquem
1497 1036 1576 1087 esse

517 1130 717 1231 princioem
746 1156 810 1205 sen
843 1131 975 1207 ducem
999 1134 1173 1222 militum,
1199 1132 1384 1209 salutasset
1409 1156 1514 1223 eum,
1538 1144 1576 1204 et

516 1263 678 1347 postcaa
698 1250 771 1323 suis
795 1249 909 1347 qualis
932 1266 968 1323 et
992 1275 1102 1348 quam
1119 1251 1198 1325 vilis
1220 1235 1438 1325 conditionis
1461 1249 1575 1321 homo

516 1379 626 1455 esset,
644 1365 764 1439 luisset
785 1364 950 1458 edoctus,
961 1392 1054 1439 eum
1068 1382 1213 1467 captum
1229 1365 1407 1467 supplicio
1431 1364 1575 1464 publice

516 1480 675 1571 affecit¹3
695 1480 795 1581 quod
817 1482 1024 1581 hujusmodi
1046 1484 1192 1557 sicarios
1214 1484 1369 1557 multum
1393 1482 1572 1583 repressit.

859 1756 1114 1827 CAPITULUM
1136 1758 1227 1828 Xlll.

554 1910 746 1979 Qualinrurbr
756 1912 1469 1989 Romomgumbauglommregeobmsaercrpn
1479 1918 1538 1975 fuir.

566 2084 678 2153 Porro
689 2064 777 2153 'cum
792 2078 875 2153 talia
891 2094 1080 2179 agerentur
1094 2080 1132 2153 in
1145 2080 1243 2178 regia
1259 2081 1447 2154 Parisiensi
1462 2082 1572 2175 urbe,

516 2196 714 2293 Anglorum
729 2220 791 2269 rex
809 2195 1128 2295 opportunitatem,
1152 2221 1196 2269 ex
1217 2196 1466 2293 hujuscemodi
1481 2198 1576 2273 ludis

516 2309 583 2383 sibi
600 2311 756 2404 allatam,
769 2336 845 2383 non
861 2312 1016 2410 segniter
1026 2325 1089 2386 aut
1101 2310 1320 2409 negligenter
1332 2314 1482 2385 transire
1496 2340 1577 2415 per·

516 2423 612 2496 misit
620 2452 632 2515 3
646 2422 710 2497 sed
725 2422 905 2520 acquisitis
920 2422 1090 2496 omnibus
1104 2447 1206 2524 paene
1220 2421 1363 2522 oppidis
1376 2438 1413 2495 et
1427 2425 1577 2498 castellis

516 2539 694 2613 inferioris
719 2538 966 2629 Normanniae,
985 2539 1033 2611 ad
1060 2538 1288 2612 obsidionem
1312 2538 1413 2612 urbis
1437 2538 1577 2613 Rotho-

515 2656 713 2752 magensis,
736 2653 946 2752 metropolis
965 2654 1077 2727 totius
1097 2656 1309 2753 provinciae,
1333 2655 1417 2728 totis
1440 2655 1576 2731 viribus

515 2772 697 2862 incubuit,
714 2794 839 2842 omnes
856 2792 978 2841 secum
993 2768 1133 2843 habens
1143 2795 1228 2843 suos
1242 2771 1280 2843 in
1298 2770 1486 2845 obsidione
1501 2798 1578 2871 ger·

515 2910 656 2960 manos.
682 2888 766 2955 Erat
786 2896 907 2956 antem
931 2880 1018 2956 urbs
1037 2884 1134 2983 ipsa,
1154 2899 1233 2958 tum
1254 2888 1486 2987 propriorum
1502 2914 1576 2963 nu·

515 3002 719 3074 morositate
737 2998 886 3092 civium,
906 3012 986 3071 tum
1005 3024 1049 3072 ex
1071 3024 1250 3074 concursu
1271 3002 1511 3101 plurimorum
1532 3031 1575 3079 ex

515 3114 659 3217 oppidis
677 3130 713 3188 et
730 3115 823 3214 agris
844 3113 1006 3187 finitimis
1022 3139 1066 3189 ac
1082 3116 1193 3191 totius
1208 3118 1316 3192 etiam
1334 3122 1572 3215 Normanniae,

516 3234 579 3331 qui
596 3232 681 3307 illuc
699 3248 872 3331 tauquam
888 3231 935 3305 ad
951 3232 1165 3305 tutissimam
1178 3231 1306 3306 urbem
1320 3235 1572 3332 confugerant,

516 3348 727 3423 mirabiliter
747 3348 908 3423 conferta
928 3360 963 3421 et
980 3348 1088 3448 plena
1104 3347 1255 3447 populo.
1277 3348 1348 3423 Sed
1363 3373 1406 3422 ea
1426 3376 1483 3425 res
1498 3375 1575 3425 ma·

511 3467 602 3566 joris
616 3466 827 3541 calamitatis
843 3466 910 3566 ipsi
930 3464 1014 3539 urbi
1025 3466 1146 3539 attulit
1162 3465 1366 3557 materiam3
1389 3490 1474 3540 nam
1491 3492 1576 3541 cum

514 3584 624 3681 longa
648 3581 844 3679 Anglorum
866 3580 1059 3655 obsidione
1085 3594 1333 3681 premerentur
1356 3596 1410 3673 et,
1434 3606 1503 3656 nee
1528 3583 1575 3657 dc

516 3714 623 3791 terra,
644 3722 713 3771 nec
731 3696 777 3769 de
797 3697 965 3770 mariani
983 3696 1152 3790 flumine,
1172 3695 1246 3770 ulla
1262 3698 1295 3770 ei
1309 3696 1434 3770 solatia
1448 3722 1576 3797 prore·

516 3818 655 3908 nirent,
673 3828 748 3886 tam
763 3810 883 3885 valida
897 3824 1006 3910 atque
1025 3811 1208 3886 horrenda
1225 3812 1337 3887 sames
1353 3812 1439 3887 iude
1453 3829 1576 3888 secuta

454 3950 466 3975 ⁹
516 3946 582 4026 est,
599 3944 654 4022 ut,
668 3926 916 4004 deficientibus
931 3927 1301 4023 humanisalimentis,
1317 3954 1385 4001 nec
1401 3930 1503 4029 equis
1513 3945 1576 4004 aut

516 4047 688 4137 canibus,
716 4042 892 4119 soricibus
920 4066 964 4115 ac
990 4045 1197 4136 ratonibus,
1221 4045 1279 4118 rel
1299 4038 1575 4144 quibusvis'im·

517 4164 662 4238 mundis
677 4160 890 4237 animalibus
909 4158 1112 4235 abstentum
1132 4160 1207 4235 sit¹.
1228 4166 1273 4236 Et
1289 4177 1329 4236 ut
1345 4162 1433 4237 olim
1449 4163 1575 4237 Hiero·

558 4373 588 4431 t.
615 4370 695 4429 cette
715 4365 856 4429 anecdote
873 4364 948 4427 aeti
967 4363 1122 4445 rapportie
1135 4368 1153 4425 i
1165 4385 1224 4446 peu
1237 4368 1304 4448 pris
1319 4367 1392 4429 dans
1408 4369 1451 4431 les
1466 4370 1576 4431 memet

518 4470 685 4537 termespar
696 4462 769 4519 Jean
779 4454 922 4519 Jonrenel
936 4452 987 4515 des
1000 4453 1103 4516 Ursino
1117 4458 1205 4531 (Birt.
1216 4458 1379 4520 decumae
1393 4464 1445 4536 71,
1456 4458 1494 4519 ad
1504 4478 1571 4520 ann.

518 4550 572 4609 ttt
579 4551 619 4621 8),
633 4546 684 4625 qui
697 4546 797 4609 l'arait
809 4546 881 4607 tirde
893 4545 1047 4605 lui-meme
1062 4544 1105 4604 du
1116 4548 1267 4624 Religieue
1278 4549 1316 4605 de
1327 4552 1524 4609 sarm-nean.

557 4630 587 4689 Ξ.
609 4629 768 4707 comparer
779 4626 808 4687 le
820 4626 893 4689 risit
907 4624 979 4689 d'rm
997 4625 1139 4689 Ιὼῑοτίω
1152 4645 1297 4707 anonyme
1311 4626 1354 4689 du
1370 4628 1415 4689 roi
1432 4626 1524 4691 flenri
1537 4630 1574 4705 V,
