3892 5892
885 653 896 689 Ι

485 859 525 917 ld
765 857 1023 919 msromnntnt
1042 860 1179 920 cattoit
1198 862 1252 918 VH

486 1003 585 1078 gam,
604 992 775 1078 pontem,
795 993 894 1052 metu
910 979 1082 1080 perculsi,
1100 1007 1252 1082 proauo
1268 983 1468 1056 munimine
1484 983 1548 1056 ad-

484 1121 609 1170 versus
619 1095 740 1168 hostes
750 1094 926 1170 levassent
939 1125 948 1169 :
962 1097 1263 1197 prosequentibus
1272 1113 1381 1198 atque
1397 1101 1549 1198 graviter

485 1213 755 1285 imminentibus
770 1213 1105 1312 Burgundionibus,
1124 1229 1177 1288 tot
1189 1215 1300 1314 partis
1313 1214 1487 1304 adversae,
1503 1215 1549 1289 de

485 1345 596 1429 ponte
611 1329 797 1420 cadentes,
812 1330 851 1401 in
868 1329 1017 1402 flumine
1032 1329 1196 1403 suffocati
1207 1345 1309 1422 sunt,
1327 1347 1389 1426 ut,
1406 1331 1473 1404 snb
1486 1331 1548 1404 illo

485 1447 607 1548 pontis
632 1471 738 1539 arcu,
766 1447 924 1520 fluminis
951 1471 1076 1520 cursus
1099 1447 1210 1522 ferme
1232 1448 1427 1548 impeditus
1444 1447 1549 1521 luerit

485 1576 521 1636 et
538 1562 755 1636 obstructus.

846 1809 1102 1879 CAPlTULUM
1127 1811 1187 1880 Vl.

540 2012 583 2065 Ob
592 2028 657 2084 quas
671 2028 761 2066 unm
772 2009 902 2066 ilenricns
912 2052 921 2080 ,
930 2029 979 2064 rex
986 2012 1132 2085 Anglornm
1146 2053 1155 2080 ‚
1167 2029 1279 2086 regnum
1286 2011 1452 2067 Francorum
1462 2013 1495 2066 sit

944 2120 1090 2176 aggressus

534 2304 626 2373 Cum
647 2314 769 2374 autem
794 2299 901 2372 talem
927 2325 1049 2373 rerum
1073 2299 1346 2401 dispositionem
1373 2301 1410 2373 in
1437 2325 1548 2398 regno

487 2421 704 2490 Francorum
720 2416 857 2515 antiqui
870 2415 991 2488 hostes
1007 2416 1116 2516 ipsius
1131 2417 1231 2514 regni
1248 2415 1348 2514 Angli
1366 2415 1546 2507 riderent,

487 2549 523 2605 et
550 2533 713 2607 civilibus
744 2531 1027 2605 dissensionibus
1058 2546 1165 2630 atque
1192 2531 1427 2605 acerbissimis
1457 2532 1548 2605 odiis

486 2648 640 2721 invicem
651 2647 772 2721 omnia
790 2647 948 2745 impleri,
962 2645 1099 2718 turbari
1115 2645 1349 2736 etconlundi,
1369 2661 1548 2746 opportu-

487 2765 633 2837 nitatem
653 2762 794 2835 allatam
808 2760 875 2831 sibi
890 2785 966 2832 esse
982 2761 1050 2832 rati
1071 2775 1176 2852 sunt,
1202 2785 1353 2856 regnum
1370 2762 1490 2860 ipsum
1511 2775 1548 2835 et

486 2893 617 2970 terras,
635 2879 673 2948 in
690 2874 820 2973 quibus
831 2873 906 2970 jam
924 2898 946 2946 a
961 2873 1082 2946 multis
1108 2875 1212 2946 annis
1235 2876 1293 2970 jus
1310 2873 1441 2948 habere
1456 2900 1548 2948 con-

486 2990 656 3082 tendunt,
681 2987 876 3061 invadendi
900 3004 936 3060 et
963 3012 1149 3060 armomm
1172 2989 1308 3062 viribus
1323 2989 1544 3088 acquirendi.

535 3108 588 3180 lid
603 3105 703 3205 quod
720 3105 826 3178 etiarn
844 3103 1127 3203 aggrediendum
1145 3129 1220 3177 non
1237 3128 1366 3206 parum
1381 3106 1461 3179 illos
1478 3107 1546 3180 im·

486 3222 668 3324 pellebant
689 3220 822 3294 damna
844 3233 880 3293 et
890 3219 1105 3293 detrimenta
1121 3245 1222 3320 paene
1238 3221 1449 3314 innumera,
1468 3247 1547 3320 quae
1605 3291 1617 3314 ,

485 3342 532 3415 ab
549 3343 609 3436 iis,
627 3342 690 3439 qui
711 3339 898 3439 piraticam
923 3339 961 3410 in
983 3336 1119 3437 oppido
1144 3337 1190 3410 de
1218 3338 1386 3436 Harellu¹
1417 3351 1452 3412 et
1483 3363 1547 3438 per

485 3483 587 3532 oram
597 3458 811 3530 maritimam
820 3453 1280 3547 Normanniaeexercebant,
1289 3453 1437 3550 singulis
1446 3479 1547 3554 paene

482 3573 612 3647 diebus
622 3571 857 3645 sustinebant.
870 3575 963 3642 Cum
973 3571 1071 3642 enim
1085 3571 1257 3644 insulares
1274 3572 1358 3665 sint,
1372 3571 1410 3643 in
1423 3569 1545 3644 medio

485 3714 622 3764 oceano
640 3689 717 3781 siti,
735 3686 967 3776 commercia,
987 3710 1065 3783 quac
1079 3687 1300 3786 permaxima
1317 3685 1368 3758 ibi
1391 3685 1468 3758 fieri
1484 3711 1547 3758 so-

485 3805 618 3895 lebant,
638 3827 713 3874 non
730 3801 799 3872 nisi
814 3825 880 3900 per
899 3824 997 3872 mare
1010 3798 1087 3872 fieri
1105 3816 1274 3900 possunt,
1291 3825 1375 3873 cum
1391 3825 1458 3874 nec
1481 3823 1545 3899 pa·

484 3924 552 3995 tria
573 3920 682 4010 eriri,
707 3915 1012 4015 exportandarum
1037 3918 1212 3989 mercium
1242 3941 1388 3989 suarum
1415 3939 1543 4000 causa,

484 4061 551 4110 nec
566 4035 621 4118 ,ab
643 4033 771 4106 exteris
792 4029 956 4126 gentibus
979 4043 1015 4102 et
1035 4029 1138 4101 terris
1153 4029 1201 4102 ad
1219 4053 1282 4103 eos
1302 4026 1451 4118 accedi,
1475 4029 1545 4102 nisi

482 4148 764 4239 transfretando,
783 4146 907 4245 possit.
932 4144 1116 4218 Continuo
1130 4168 1217 4216 vero
1234 4167 1256 4216 a
1273 4143 1375 4216 dictis
1392 4149 1544 4218 Norma-

483 4270 555 4342 nici
567 4268 696 4340 littoris
706 4264 829 4366 piratis
844 4262 937 4334 adeo
950 4277 1066 4334 toturn
1081 4258 1170 4332 illud
1186 4259 1429 4340 Britannicum
1445 4283 1544 4332 mare

484 4381 728 4477 infestabatur,
746 4379 847 4481 quod
869 4379 998 4476 aliquis
1019 4375 1285 4474 negotiatorum
1302 4375 1387 4450 illuc
1407 4375 1542 4450 adeun·

525 4596 555 4653 1.
576 4588 720 4650 tiarilcnr.
