3892 5892
760 924 870 985 ttttttlt
889 926 1055 987 ruamus.
1381 926 1438 986 tot

381 1045 603 1146 hujusmodi,
617 1072 683 1148 per
698 1072 807 1145 quam
821 1064 857 1123 et
873 1048 989 1149 plura,
1008 1048 1100 1122 ultra
1116 1070 1159 1121 ea
1173 1070 1254 1147 quoe
1268 1048 1443 1123 recensita

381 1176 479 1269 sunt,
493 1164 561 1263 ipsi
570 1164 867 1261 Burgundionum
879 1164 965 1237 duci
976 1161 1358 1265 promittebantur,rix
1367 1178 1444 1237 erat

384 1293 422 1352 ut
443 1304 517 1351 non
535 1280 692 1381 proinde
710 1282 919 1380 poenitentia
939 1307 1024 1355 eum
1040 1295 1248 1380 sequeretur
1261 1280 1443 1379 animique

321 1492 325 1501 ¹
381 1398 568 1489 moestitia,
595 1397 694 1495 quod
723 1411 797 1472 tam
822 1400 977 1499 insignes
999 1424 1149 1474 suorum
1168 1397 1339 1498 regalium
1355 1422 1442 1497 por·

380 1512 498 1587 dones
514 1514 590 1614 ipse
604 1514 677 1587 dux
696 1540 762 1614 pro
779 1516 972 1591 inimicitiis
989 1532 1025 1589 et
1042 1516 1199 1616 guerris,
1215 1539 1304 1612 quas
1320 1512 1444 1587 adver·

380 1655 440 1703 sus
456 1632 574 1730 ipsum
592 1631 743 1705 duxerat
760 1648 795 1707 et
812 1635 1042 1725 sustinuerat,
1056 1646 1269 1734 reportaret,
1287 1654 1441 1729 quarum

382 1748 570 1821 occasione
590 1761 708 1822 totum
724 1774 824 1847 paene
842 1775 995 1847 regnum
1011 1752 1048 1821 in
1067 1749 1326 1825 desolationem
1336 1746 1443 1819 deve·

380 1863 506 1955 nisset3
534 1888 618 1937 cum
643 1865 762 1964 potius
784 1890 846 1937 rex
871 1866 1103 1953 existimaret,
1123 1864 1172 1938 ob
1190 1860 1441 1961 hujuscemodi

379 1994 507 2053 contra
530 2004 591 2070 se,
620 2004 742 2076 regem
767 1997 801 2053 et
833 1982 1056 2081 superiorem
1081 1980 1285 2071 dominum,
1313 2002 1336 2051 a
1359 2002 1441 2051 vas·

377 2094 466 2169 sallo
492 2095 649 2171 admissa
669 2110 705 2169 et
720 2096 1041 2171 confoederationes
1061 2122 1146 2169 curn
1171 2094 1326 2194 antiquis
1351 2094 1443 2191 regis

380 2224 416 2283 et
438 2212 537 2308 regni
563 2211 727 2286 hostibus
751 2212 872 2306 lactas,
891 2239 1016 2314 poenas
1030 2212 1076 2285 ab
1098 2238 1143 2286 eo
1160 2212 1313 2311 reposci,
1332 2234 1442 2309 quam

378 2324 478 2401 lucra
506 2340 540 2399 et
576 2341 674 2401 tanta
709 2329 925 2428 compendia
954 2330 1126 2427 consequi
1149 2329 1231 2426 jure
1261 2326 1439 2399 debuisse.

381 2442 486 2516 Unde
510 2468 580 2543 pax
608 2458 695 2517 tune
721 2446 887 2544 quidem,
905 2446 970 2519 sed
989 2446 1151 2545 profecto
1170 2441 1367 2517 concordia
1392 2456 1444 2515 at·

380 2582 452 2656 que
468 2560 624 2635 amicitia
638 2576 700 2633 aut
715 2559 826 2655 nulla,
842 2575 903 2635 aut
919 2562 1135 2661 perminima
1148 2556 1337 2633 conciliata
1351 2558 1439 2631 suit:

379 2672 479 2771 quod
496 2699 540 2747 es
556 2675 613 2748 his
628 2701 708 2776 quae
720 2676 956 2776 postmodum
981 2691 1174 2751 consecuta
1195 2674 1339 2747 fuerunt
1359 2674 1443 2747 satis

374 2786 528 2884 judicari
542 2795 672 2890 potuit.

429 2906 502 2979 ilex
528 2920 647 2981 tamen
672 2909 766 3007 ipse,
785 2912 838 2981 vir
862 2909 1125 3009 promissorum
1149 2906 1306 3005 fideique
1331 2905 1441 2981 semel

379 3020 469 3094 datae
499 3024 743 3097 tenacissimus
774 3040 883 3123 atque
925 3024 1283 3111 observantissimus,
1313 3046 1440 3121 pacem

381 3136 491 3230 illam,
508 3138 590 3211 licet
606 3140 674 3213 sibi
693 3166 883 3213 onerosam
901 3142 1005 3213 valde
1021 3155 1130 3240 atque
1147 3139 1360 3213 damnosam
1375 3161 1441 3237 pa·

379 3277 531 3352 rumque
545 3256 748 3348 honestam,
762 3256 953 3329 ohservare
970 3283 1080 3356 quarn
1094 3256 1287 3352 infringere
1301 3252 1438 3341 maluit,

379 3367 500 3466 quoad
518 3370 623 3462 vixit,
642 3370 724 3443 licet
739 3396 832 3470 sape
847 3394 869 3443 a
887 3370 1022 3463 multis,
1041 3384 1080 3441 ut
1094 3369 1301 3441 occasiones
1316 3382 1443 3465 ruptu-

378 3508 426 3557 rae
450 3488 683 3585 perquireret,
702 3486 770 3559 sibi
795 3499 1001 3587 suggestum
1028 3486 1289 3583 consiliumque
1317 3486 1442 3557 datum

380 3597 514 3696 fuisset,
534 3616 570 3673 et
586 3602 633 3675 ad
649 3627 712 3675 cos
734 3602 823 3675 sures
839 3601 970 3676 multas
987 3618 1024 3676 et
1043 3602 1171 3696 varias,
1190 3600 1443 3697 undecumque
1571 3672 1576 3679 ,
1650 3615 1654 3626 ·

379 3730 540 3814 poterat,
567 3717 739 3791 amicitias
766 3733 802 3791 et
824 3718 955 3792 soedera
984 3718 1170 3819 expetiisse
1199 3716 1245 3788 sit
1276 3728 1441 3815 putatus,

380 3832 690 3930 quemadmodum
715 3849 838 3935 postea
858 3836 930 3907 suis
950 3833 1040 3907 locis
1056 3832 1298 3933 opportunius
1315 3854 1444 3903 annec-

379 3959 506 4021 temus.
1256 4044 1260 4052 ¹

428 4064 703 4151 Quiescentibus
719 4066 825 4165 igitur
840 4065 887 4138 ab'
905 4068 1014 4139 armis
1027 4064 1218 4139 adversum
1236 4064 1444 4137 seinvicem

380 4181 524 4253 Francis
546 4196 582 4253 et
605 4184 936 4281 burgundionibus,
954 4180 1110 4255 restabat
1129 4182 1204 4278 jam
1222 4181 1364 4252 Francis
1379 4177 1445 4252 ad-

380 4318 504 4367 versus
521 4296 652 4394 Anglos
668 4322 768 4371 arma
791 4312 942 4387 vertere,
962 4296 1096 4396 quibus
1112 4295 1240 4395 procul
1257 4292 1369 4366 dubio
1393 4292 1447 4367 sa·

379 4409 447 4483 cile
465 4412 654 4510 praevalere
679 4429 714 4486 et
734 4438 797 4487 eos
817 4428 894 4487 toto
917 4438 1030 4511 regno
1060 4410 1192 4512 pellere
1206 4434 1282 4483 non
1300 4408 1445 4482 difficile

382 4526 536 4601 multum
553 4529 686 4623 luisset,
704 4530 733 4601 si
750 4530 786 4601 in
800 4554 865 4603 sua
882 4528 1009 4601 militia
1021 4526 1246 4627 disciplinam
1262 4540 1371 4624 atque
1387 4549 1446 4599 or·

380 4644 503 4719 dinem
527 4642 691 4719 debitum
708 4644 933 4747 posuissent,
951 4642 1262 4745 quemadmodum
1284 4657 1448 4745 postmo-
