3892 5892
545 901 604 959 nu
802 899 1079 988 nrsronnnnn
1097 897 1233 958 omum
1253 899 1306 956 vn

545 1037 739 1120 quaestores
753 1025 858 1121 regii,
871 1048 937 1122 per
951 1023 1171 1096 miserandas
1183 1021 1283 1120 regni
1293 1025 1510 1094 Francorum
1519 1043 1609 1118 pro·

543 1139 695 1229 vincias,
719 1139 874 1237 populos
895 1163 1039 1237 pascere
1060 1153 1143 1210 sunt
1166 1137 1281 1226 soliti,
1307 1149 1343 1208 et
1356 1135 1515 1208 volentes
1536 1161 1609 1208 no-

543 1256 702 1330 lentesve
724 1255 971 1327 obmutescere
994 1268 1149 1349 cogunt,
1174 1268 1213 1324 ut
1236 1277 1282 1324 ne
1307 1278 1404 1324 unus
1417 1253 1461 1324 sit
1479 1253 1540 1351 qui
1565 1254 1607 1324 in

544 1371 765 1443 contrarium
790 1369 937 1466 gannire
962 1369 1114 1462 audent,
1143 1369 1240 1467 ipsos
1270 1367 1544 1463 Burdegalenses
1569 1383 1610 1442 ct

544 1488 725 1558 Vascones
738 1483 922 1581 aggressi,
936 1482 1072 1554 eisdem
1099 1497 1137 1554 ut
1161 1483 1327 1582 imposita
1350 1506 1461 1574 onera
1477 1497 1609 1582 sponte

544 1607 706 1679 subirent
721 1605 871 1678 suadere
883 1604 1120 1678 conabantur.
1137 1608 1301 1692 Quorum
1314 1604 1560 1678 molitionibus
1571 1620 1609 1678 et

545 1723 787 1821 impietatibus
803 1721 999 1820 prudenter
1014 1734 1050 1793 et
1066 1735 1271 1792 constanter
1286 1721 1506 1824 renitentes,
1521 1747 1609 1820 sup-

545 1838 727 1937 plicabant
741 1839 815 1934 regi
833 1862 897 1935 per
910 1838 1089 1922 solemnes
1104 1859 1208 1934 quos,
1225 1833 1333 1933 hujus
1349 1837 1401 1918 rei
1418 1838 1541 1934 gratia,
1559 1837 1609 1910 ad

546 1976 630 2024 eum
646 1951 781 2047 legatos
793 1951 1025 2044 destinarant,
1038 1967 1078 2023 ut
1089 1951 1249 2024 libertate
1260 1966 1368 2050 atquc
1383 1953 1610 2024 immunitate

547 2067 598 2140 eis
621 2067 787 2165 pollicitis
804 2090 847 2139 ac
862 2067 1064 2165 promissis,
1083 2066 1172 2139 dum
1191 2067 1411 2140 deditionem
1427 2067 1611 2141 civitatum

547 2191 694 2255 suarum
706 2195 814 2278 atque
827 2195 1002 2254 terrarum
1016 2181 1189 2273 lacerent,
1206 2207 1268 2254 eos
1285 2184 1402 2279 quiete
1414 2183 1522 2282 potiri
1535 2209 1614 2282 per

548 2297 687 2368 mittere
707 2295 836 2386 vellet;
855 2294 1038 2368 habebant
1059 2297 1155 2370 enim
1174 2296 1220 2368 de
1233 2296 1440 2393 hujusmodi
1456 2297 1611 2397 promis·

548 2413 710 2486 sionibus
726 2427 763 2485 et
779 2415 892 2513 pactis
907 2412 1131 2486 libertatibus
1142 2413 1290 2503 litteras,
1307 2435 1438 2509 magno
1450 2413 1609 2510 ejusdem

549 2529 642 2626 regis
663 2529 779 2626 sigillo
802 2528 986 2626 sigillatam
1008 2553 1046 2600 se
1068 2527 1245 2601 fidelitatis
1266 2544 1486 2602 sacramenta
1508 2530 1613 2626 regite

425 2696 438 2712 ..
550 2644 724 2741 majestati
747 2643 869 2714 fecisse
885 2670 894 2714 ι
913 2641 1012 2714 unde
1034 2642 1080 2715 de
1103 2643 1188 2740 ipsis
1207 2643 1354 2714 minime
1374 2640 1535 2716 baesitare
1554 2643 1616 2716 de·

551 2759 667 2846 beret,
678 2758 808 2855 quinci
820 2755 943 2829 fideles
951 2757 1122 2830 acdevoti
1133 2772 1400 2856 permanerent3
1412 2757 1458 2830 ad
1466 2758 1615 2831 tutelam

554 2899 639 2948 vero
652 2875 776 2972 patriae
789 2887 827 2944 et
843 2873 1024 2956 civitatum
1045 2887 1152 2970 atque
1175 2873 1394 2978 oppidorum
1411 2899 1559 2947 suorum
1577 2901 1616 2948 se

553 2990 637 3060 satis
648 2987 809 3060 sufficere
823 2986 1013 3068 adversum
1026 2987 1160 3078 hostes,
1175 3013 1289 3086 eaque
1301 2989 1406 3088 longe
1420 2991 1547 3064 melius
1560 3008 1616 3065 at-

553 3103 625 3200 que
636 3101 790 3192 fidelius,
805 3117 914 3200 quam
926 3127 992 3202 per
1011 3087 1164 3178 militum
1177 3104 1263 3176 inibi
1275 3107 1407 3178 locatas
1416 3107 1613 3199 custodies,

554 3232 757 3290 servaturos
769 3233 878 3316 atque
891 3205 1119 3307 defensums3
1135 3221 1319 3319 praeteritis
1331 3245 1369 3292 se
1384 3221 1479 3294 idem
1496 3222 1617 3295 secisse

557 3331 798 3432 temporibus,
817 3359 885 3406 nec
907 3333 1038 3410 talibus
1054 3335 1224 3435 praesidiis
1248 3336 1402 3410 militum
1420 3351 1528 3435 atque
1548 3339 1616 3410 eis-

559 3449 643 3522 dem
651 3452 822 3522 connexis
832 3450 1056 3546 vectigalium
1074 3473 1136 3523 seu
1152 3450 1329 3524 talliarum
1346 3453 1498 3550 angariis
1513 3452 1618 3526 fuisse

560 3577 736 3660 gravatos,
755 3563 838 3636 licet
852 3565 1045 3638 viciniores
1062 3581 1151 3638 tnnc
1165 3565 1287 3642 hostes
1297 3580 1519 3666 paterentur,
1533 3569 1616 3667 qui,

560 3675 660 3750 nullo
680 3677 911 3772 interjacente
934 3679 1046 3768 lreto,
1072 3681 1318 3752 conterminas¹
1333 3683 1491 3755 civitates
1512 3698 1621 3782 atque

561 3791 694 3890 oppida
709 3791 961 3890 possidebant;
979 3817 1078 3867 nunc
1096 3819 1193 3884 vero,
1209 3819 1293 3868 cum
1308 3795 1429 3870 hostes
1447 3797 1565 3870 nullos
1581 3801 1619 3872 in

560 3906 685 3978 vicinis
700 3906 929 4003 regionibus,
948 3908 1011 3980 sed
1029 3933 1155 3982 omnes
1171 3912 1309 3984 amicos
1325 3913 1417 4008 regis
1430 3913 1487 3984 vel
1510 3911 1621 3986 loede-

562 4036 659 4094 ratos
674 4019 865 4112 haberent,
884 4022 1047 4120 Anglico's
1059 4049 1144 4097 vero
1158 4042 1411 4126 magno-atque
1425 4029 1496 4101 lato
1511 4030 1620 4101 inter-

559 4139 700 4234 jacente
714 4161 858 4233 aequore
870 4139 1021 4232 divisos,
1036 4163 1110 4212 non
1120 4140 1212 4213 adeo
1221 4167 1260 4214 se
1273 4143 1464 4218 formidare
1473 4144 1618 4234 debere,

564 4254 652 4351 quin
675 4254 759 4326 satis
781 4253 850 4326 sibi
871 4255 917 4327 ad
936 4253 1125 4328 tutandum
1152 4281 1190 4330 se
1212 4257 1382 4348 adversus
1404 4284 1466 4333 eos
1492 4260 1622 4333 virium

564 4385 754 4470 suppetere
770 4370 1005 4463 arbitrentur3
1022 4398 1088 4446 nec
1105 4373 1207 4448 saluti
1227 4399 1352 4447 eorum
1373 4374 1540 4475 expedire
1562 4391 1619 4464 ut,

564 4499 714 4583 propter
737 4500 875 4558 metum
895 4481 1022 4560 eorum
1048 4473 1254 4585 incertaque
1281 4515 1347 4564 nec
1368 4515 1528 4590 unquam
1548 4491 1622 4563 for·

563 4601 666 4676 tausis
682 4616 854 4676 eventura
869 4602 1047 4702 pericula,
1066 4619 1169 4678 certae
1185 4627 1227 4678 nc
1241 4606 1450 4682 indubitatae
1464 4623 1501 4683 et
1519 4629 1623 4682 man·
