3892 5892
549 908 606 963 lat
834 900 1087 967 fllstottfflwti
1107 898 1243 958 CAROLI
1262 902 1314 957 vn

547 1046 654 1127 atque
670 1014 932 1125 indisciplinata
961 1024 1102 1115 militia,
1128 1024 1288 1124 prolecto
1314 1027 1436 1098 omnia
1451 1027 1608 1125 popula·

546 1143 634 1217 bant
655 1158 762 1240 atque
791 1140 986 1213 vastabant.
1007 1141 1110 1213 Cives
1134 1152 1257 1212 autern
1282 1138 1413 1238 quihus
1434 1140 1482 1214 ad
1502 1154 1607 1213 tuen·

547 1260 630 1332 dam
654 1256 877 1345 libertatem,
898 1278 971 1353 qna
988 1279 1053 1353 per
1068 1254 1180 1327 multa
1201 1256 1402 1339 centenaria
1422 1280 1603 1329 annorum

545 1375 649 1476 potiti
667 1386 772 1464 sunt,
791 1395 908 1469 neque
934 1369 1066 1457 animi,
1085 1394 1202 1467 neque
1221 1395 1309 1469 opes
1332 1370 1499 1461 deerant,
1517 1397 1602 1444 cum

546 1489 591 1562 ad
608 1486 784 1586 stipendia
800 1510 863 1557 sua
880 1486 1019 1557 circiter
1034 1486 1130 1557 mille
1146 1500 1208 1557 aut
1232 1486 1445 1583 quingentos
1466 1487 1602 1583 equites

544 1606 718 1679 haberent
727 1656 737 1690 ,
759 1603 938 1674 civitatem
951 1626 1053 1673 auam
1069 1601 1215 1673 viriliter
1228 1616 1264 1673 et
1280 1616 1444 1701 potenter
1459 1627 1479 1673 a
1493 1606 1600 1673 Fran·

465 1704 469 1711 ¹
544 1726 594 1797 cis
621 1721 823 1795 tuebantur.
860 1722 903 1789 Et
930 1719 1061 1790 multos
1090 1744 1180 1817 saepe
1210 1744 1252 1791 ex
1275 1719 1418 1791 Francis
1445 1719 1508 1816 qui
1536 1744 1601 1817 per

543 1837 691 1939 agroset
701 1837 819 1925 vil-las,
832 1835 909 1909 ¹sine
920 1831 992 1908 ulla
1004 1836 1136 1908 militiae
1145 1836 1379 1936 dispositione
1391 1834 1446 1907 vel
1460 1834 1596 1927 ordine,

544 1955 775 2052 vagabantur,
789 1955 947 2051 captivos
961 1952 1140 2045 ducebant
1153 1951 1199 2026 ad
1213 1977 1314 2024 suam
1324 1952 1514 2024 civitatem.
1529 1956 1599 2023 Cu-

540 2073 599 2168 jus
626 2071 773 2169 quidem
801 2069 955 2141 interdiu
984 2060 1106 2167 portas
1133 2069 1279 2141 minime
1308 2068 1443 2166 clausas
1475 2083 1597 2140 tenue·

543 2200 645 2271 runt,
662 2199 701 2255 ut
711 2209 749 2255 se
765 2198 800 2255 at
811 2184 857 2255 ad
871 2183 1117 2255 defensionem
1130 2208 1201 2255 suae
1214 2182 1384 2255 libertatis
1400 2184 1596 2271 animosos,

542 2315 578 2372 et
594 2300 691 2373 illam
713 2302 789 2371 sine
812 2300 940 2372 ordine
957 2324 1000 2371 ex
1016 2301 1137 2371 castris
1153 2300 1300 2371 effusam
1316 2325 1382 2397 per
1399 2325 1482 2372 suos
1498 2323 1599 2395 agros

541 2414 807 2510 multitudinem
827 2438 955 2512 parum
969 2427 1030 2485 aut
1047 2414 1134 2485 nilril
1151 2414 1276 2485 timere
1291 2398 1530 2486 ostenderent.

591 2534 680 2604 Satis
697 2546 816 2612 autern
833 2528 1005 2603 indicavit
1021 2556 1082 2603 rex
1097 2532 1244 2602 Carolus
1259 2542 1333 2601 non
1351 2530 1456 2603 luisse
1472 2554 1599 2629 propo·

541 2650 597 2721 siti
620 2652 674 2723 sui
697 2665 761 2722 aut
788 2650 994 2721 intentionis
1020 2648 1149 2720 urbem
1173 2649 1268 2721 illam
1293 2648 1350 2722 vel
1366 2648 1529 2721 obsidere
1544 2649 1599 2721 vel

541 2788 765 2863 expugnare,
791 2788 874 2834 cnm
901 2762 947 2835 ad
969 2788 1049 2835 eam
1070 2778 1185 2835 castra
1209 2762 1306 2836 nulla
1323 2762 1522 2836 admoverit
1536 2788 1598 2835 seu

541 2879 735 2951 collocarit.
757 2880 849 2967 Nec,
868 2878 897 2948 si
920 2876 992 2948 hoc
1010 2877 1125 2951 lacere
1151 2892 1370 2971 attentasset,
1390 2878 1490 2951 lacile
1514 2894 1598 2969 tune

541 2998 780 3095 adimplesset.
802 2988 908 3068 Cum'
921 2997 1017 3067 enim
1031 2988 1157 3069 civitas
1186 2999 1230 3069 sit
1254 2998 1368 3092 vallo,
1397 2996 1594 3087 moenihus,

541 3110 698 3182 turribus
720 3126 827 3210 atque
852 3112 1026 3183 machinis
1048 3111 1133 3183 belli
1161 3110 1414 3203 munitissima,
1441 3140 1597 3213 semper·

541 3249 611 3323 que
627 3228 735 3309 etiam
748 3283 757 3319 ,
772 3252 873 3325 paene
895 3251 963 3325 pro
979 3228 1149 3320 biennio,
1165 3252 1310 3301 annona
1326 3229 1371 3301 ad
1386 3228 1519 3301 bellum
1535 3254 1597 3300 ne-

541 3349 691 3421 cessaria
716 3349 857 3447 provisa
884 3363 920 3419 et
943 3349 1092 3442 referta,
1113 3349 1337 3451 ¹haberetque
1362 3364 1458 3422 tune
1472 3350 1598 3423 milites

541 3489 623 3536 cnm
649 3464 784 3564 populo
806 3462 1168 3561 numerosulllcienti
1191 3489 1259 3563 pro
1284 3466 1446 3537 custodia
1464 3480 1499 3537 et
1520 3490 1597 3537 mu·

542 3585 677 3655 nimine
689 3584 763 3676 sui,
784 3608 857 3654 non
875 3582 996 3653 fuisset
1012 3596 1097 3652 tunc
1116 3581 1215 3653 sacile
1232 3583 1305 3679 regi
1322 3598 1382 3653 aut
1394 3582 1494 3654 alteri
1506 3584 1598 3681 prin·

542 3700 614 3797 cipi
631 3700 735 3771 talem
752 3697 878 3769 urbem
894 3722 936 3769 ex
954 3696 1115 3779 libertate
1139 3698 1174 3768 in
1192 3698 1469 3794 suamredigere
1487 3699 1598 3769 servi·

544 3829 668 3887 tutem.
695 3815 798 3911 Regis
814 3828 933 3885 tamen
958 3813 1081 3883 Renati
1107 3813 1151 3885 ad
1178 3814 1327 3886 alterum
1348 3838 1494 3905 eorum,
1520 3840 1597 3914 quae

543 3928 717 4017 diximus,
737 3929 960 4029 propositum
976 3941 1084 4024 atque
1099 3929 1249 4001 intentio
1268 3930 1484 4003 ferebantur.
1501 3929 1596 4019 Quid

542 4058 661 4115 autem
672 4070 733 4115 ren
744 4042 892 4114 Carolus
908 4039 1121 4132 intenderet,
1141 4044 1255 4114 exitus
1272 4047 1323 4116 rei
1341 4070 1474 4143 magnae
1492 4060 1597 4142 atque

541 4161 691 4233 difficilis
712 4184 819 4258 quam
835 4157 906 4229 illic
927 4158 1054 4253 gessit,
1076 4159 1158 4228 satis
1186 4182 1205 4229 e
1228 4162 1378 4256 vestigio
1391 4160 1592 4233 declaravit.

542 4282 633 4350 Cum
648 4280 745 4351 enim
761 4276 867 4351 nimis
882 4298 1010 4371 magna
1024 4290 1059 4347 et
1075 4274 1224 4348 confusa
1237 4292 1343 4374 atque
1357 4280 1433 4351 sine
1449 4277 1593 4369 ordine,

540 4410 580 4465 ut
608 4420 699 4494 saepe
729 4394 899 4485 diximus,
919 4391 1108 4463 ferentium
1131 4416 1232 4465 arma
1259 4420 1322 4494 per
1345 4410 1463 4468 totum
1487 4400 1595 4465 Fran-

541 4534 664 4581 corum
692 4536 842 4607 regnum
867 4507 1059 4582 multitudo
1086 4522 1292 4604 vagaretur,
1327 4536 1483 4609 quorum
1513 4532 1595 4609 pars

539 4626 674 4723 major,
702 4626 837 4724 absque
859 4624 1038 4725 stipendio
1056 4638 1192 4697 armata
1208 4624 1398 4720 incedens,
1419 4650 1493 4699 non
1510 4624 1593 4697 hos·
