3892 5892
707 964 998 1045 unmrmuns.
1328 966 1385 1027 trs

334 1091 429 1165 diem
454 1104 491 1163 et
515 1088 657 1180 locum,
685 1089 730 1162 de
750 1091 823 1162 suis
841 1088 1044 1161 diffidentes
1063 1088 1216 1183 viribus,
1241 1091 1389 1163 minime

335 1207 410 1279 ausi
420 1220 504 1279 sunt
512 1230 734 1305 comparere.
754 1210 833 1277 Non
848 1206 945 1281 enim
959 1220 1047 1278 tune
1061 1206 1099 1277 in
1116 1206 1218 1278 terris
1233 1204 1300 1279 illis
1309 1190 1390 1281 tati-

334 1338 407 1397 tam
423 1346 570 1395 manum
586 1320 739 1395 militum
757 1319 946 1413 tenebant,
970 1346 1049 1421 qure
1067 1316 1114 1393 ad
1131 1346 1221 1423 opus
1242 1336 1316 1395 tam
1337 1346 1390 1395 ar·

334 1436 448 1508 duum
464 1434 643 1507 sufficiens
655 1460 732 1507 esse
749 1449 880 1533 posset.
897 1434 1002 1507 Unde
1018 1433 1152 1507 obsessi
1170 1434 1390 1509 deditionem

333 1549 555 1643 absolutam,
577 1575 622 1623 eo
640 1547 741 1648 quod
757 1550 904 1623 minime
921 1550 1074 1648 protecti
1092 1550 1257 1643 luissent,
1277 1551 1391 1625 facere

334 1667 447 1739 coacti
461 1680 567 1757 sunt,
587 1664 628 1741 et⁴
639 1667 676 1737 in
694 1664 913 1739 deditionem
935 1667 1054 1741 Caroli
1075 1668 1293 1740 transierunt
1308 1690 1391 1741 cum

335 1780 521 1855 nonnullis
543 1781 693 1855 castellis
708 1781 785 1855 eliis
799 1782 935 1855 ricinis.

665 2028 920 2099 cltuuttttt
946 2028 1055 2099 xvtt.

388 2206 429 2261 oe
449 2204 618 2279 expeditione
631 2220 726 2284 megae
745 2223 826 2277 quern
844 2204 919 2277 prior
937 2202 991 2257 rlux
1012 2204 1180 2259 summerseti
1195 2206 1296 2277 trajecit
1312 2205 1340 2259 in

464 2360 469 2367 Ι
785 2294 933 2348 Franciam.

389 2446 443 2514 Eo
458 2454 693 2539 autempoene
707 2452 889 2537 tempore,
915 2439 1064 2537 quidam
1080 2440 1273 2537 luglorum
1294 2446 1395 2541 prin-

342 2580 446 2657 ceps,
462 2556 535 2629 dux
550 2554 809 2645 Summerseti¹,
825 2579 918 2627 unus
933 2580 978 2627 ex
994 2553 1187 2650 majoribus
1206 2558 1305 2651 regni
1322 2563 1394 2630 An·

340 2672 430 2771 glire,
446 2673 557 2745 homo
577 2671 700 2745 animo
718 2670 809 2743 ultra
830 2670 981 2743 modum
1005 2668 1117 2743 elatus
1144 2686 1180 2743 et
1204 2696 1397 2773 praesump-

350 2803 486 2879 tuosus,
503 2788 567 2861 sed
582 2788 620 2859 in
634 2810 743 2885 opere
758 2800 793 2857 et
810 2785 939 2869 ellectu
953 2808 1066 2857 vanus
1088 2800 1124 2857 et
1138 2785 1282 2880 efficax,
1296 2788 1397 2863 duxit

338 2910 375 2983 iu
399 2903 658 2992 Normanniam
683 2926 855 2999 magnum
875 2915 912 2973 et
928 2914 1112 3001 potentem
1137 2904 1334 2978 exercitum
1352 2896 1394 2979 ἐι

339 3022 572 3097 ordinatione
599 3043 790 3117 procerum
818 3019 918 3114 regni
942 3018 1090 3115 Angliae3
1114 3019 1244 3116 quibus
1267 3044 1396 3117 magna

341 3138 445 3237 quaed
452 3161 510 3209 am
525 3148 562 3207 et
577 3133 742 3205 miranda
756 3159 793 3205 se
815 3136 992 3207 facturum
1012 3134 1050 3204 in
1068 3136 1214 3208 Francia
1231 3162 1396 3236 spopon-

341 3254 465 3341 derat,
484 3251 514 3321 si
529 3248 598 3321 sibi
613 3247 763 3321 ducatus
778 3247 911 3319 militiae
927 3247 1127 3341 Anglicanae
1139 3249 1342 3323 crederetur
1362 3268 1398 3327 et

339 3368 594 3442 comitteretur.
609 3364 726 3456 Unde,
738 3388 822 3435 cum
833 3363 905 3434 suis
917 3364 1214 3460 promissionibus
1224 3365 1269 3435 ab
1279 3367 1398 3465 Anglis

340 3486 430 3559 fides
445 3498 483 3555 et
509 3482 664 3555 assensio
681 3493 929 3579 praestaretur,
957 3477 1113 3550 obtinuit
1137 3494 1177 3553 ut
1200 3480 1271 3553 dux
1288 3484 1398 3559 totius

340 3602 515 3675 exercitus
530 3612 719 3671 crearetur.
738 3597 862 3694 igitur,
883 3612 1008 3695 parata
1025 3596 1135 3669 classe
1151 3598 1243 3671 ultra
1263 3615 1399 3673 trecen·

347 3734 463 3793 tarum
481 3716 627 3790 narium
644 3714 680 3784 in
698 3711 816 3791 littore
845 3711 1065 3811 lugbeum,
1085 3728 1121 3785 et
1145 3714 1318 3789 instructo
1340 3741 1398 3789 ar-

346 3840 432 3927 mis,
451 3836 573 3935 equis,
592 3831 796 3931 caeterisque
809 3830 856 3903 ad
871 3846 1083 3933 apparatum
1095 3832 1178 3905 belli
1194 3835 1399 3909 necessariis

343 3957 522 4045 exercitu,
542 3976 625 4026 cum
649 3974 714 4023 sua
731 3948 842 4029 classe
861 3952 1067 4023 transmisso
1091 3950 1205 4043 lreto,
1229 3952 1400 4051 applicuit

344 4070 390 4143 ad
402 4071 544 4144 ultimos
557 4068 647 4141 lines
659 4066 910 4159 Normanniae„
919 4065 966 4137 ad
980 4066 1154 4165 oppidum
1168 4092 1230 4139 seu
1244 4080 1400 4139 castrum

344 4188 402 4260 cui
428 4212 562 4261 nomen
579 4202 632 4261 est
647 4186 983 4284 Caesaris-Bmgus¹.
1012 4185 1081 4257 Ubi
1105 4210 1187 4259 cum
1207 4187 1400 4259 exercitum

389 4396 419 4454 l.
442 4392 518 4453 John
530 4395 665 4455 Beaulort
676 4401 752 4469 (non
764 4416 816 4475 pas
830 4398 932 4467 fleury
943 4410 1056 4451 comme
1071 4391 1092 4449 il
1105 4410 1123 4450 ι
1135 4388 1180 4449 eti
1194 4390 1235 4449 dit
1249 4388 1400 4463 cidessus,

349 4504 380 4565 p.
396 4485 488 4557 tat),
508 4482 607 4561 prinee
619 4484 660 4542 du
673 4502 745 4565 sung
763 4482 800 4541 de
811 4486 976 4541 unusne.
991 4482 1035 4538 On
1049 4479 1183 4559 l'uppelle
1193 4486 1276 4555 prior
1291 4478 1361 4539 dans
1374 4480 1401 4539 le

351 4572 417 4633 titre
430 4590 505 4652 pour
518 4570 546 4631 le
561 4570 720 4651 distinguer
732 4571 769 4631 de
783 4568 943 4640 sonuere,
958 4568 1015 4627 duc
1028 4568 1064 4627 de
1077 4574 1221 4629 somerset
1233 4570 1316 4649 apris
1332 4570 1384 4629 lui.

387 4670 418 4734 Ξ.
439 4663 619 4746 cherbourg.
637 4668 679 4725 le
694 4667 751 4727 duc
763 4662 800 4725 de
813 4664 957 4723 Sotnerset
969 4684 989 4741 y
1003 4660 1111 4723 aborde
1127 4682 1163 4725 en
1177 4664 1245 4723 eorlt
1260 4664 1348 4723 llll.
