3892 5892
711 922 823 987 murt
839 926 1024 1001 QUARTUS.
1343 936 1402 995 tta

341 1050 493 1151 qualiter
507 1050 631 1125 civitas
646 1075 712 1127 sua
727 1050 986 1152 patrimonium
1001 1050 1131 1127 Christi
1144 1068 1181 1127 et
1191 1053 1286 1129 beati
1308 1060 1401 1133 Petri

340 1167 494 1270 apostoli
529 1181 625 1256 erat,
656 1167 791 1241 nullam
824 1164 961 1239 eisdem
996 1168 1054 1241 vel
1082 1174 1301 1245 Francorum
1328 1176 1403 1273 regi

342 1282 477 1355 sactum
491 1306 676 1381 guerram,
696 1295 736 1355 ut
758 1284 857 1383 ipsos
872 1282 920 1354 ad
935 1282 1022 1356 alias
1042 1284 1200 1358 civitates
1217 1300 1254 1359 et
1269 1290 1403 1387 oppida

340 1398 490 1492 faceret,
505 1398 534 1470 si
548 1413 685 1510 posset,
705 1397 902 1487 declinare,
916 1422 981 1473 sua
991 1398 1133 1473 civitate
1145 1400 1281 1490 relicta.
1296 1408 1402 1502 Atqui

339 1539 423 1588 curn
441 1514 542 1587 nullo
558 1514 669 1589 modo
686 1513 817 1589 talibus
832 1513 1071 1613 legationibus
1082 1514 1318 1612 obaudirent,
1338 1520 1401 1595 sed

339 1625 407 1703 nis'i
436 1627 532 1703 illico
556 1630 760 1706 obedientia
781 1628 990 1730 deditioque
1015 1630 1162 1723 flerent,
1184 1656 1222 1707 se
1244 1636 1400 1733 pervim

339 1749 558 1845 ingressuros
577 1746 852 1848 direpturosque
872 1748 996 1821 omnia
1015 1748 1263 1845 minarentur,
1281 1753 1399 1851 petiit,
1533 1814 1537 1821 .

340 1863 387 1936 ad
402 1887 512 1963 super
525 1862 597 1938 hoc
614 1865 806 1939 consilium
818 1863 1053 1963 capiendum,
1072 1863 1235 1941 inducias
1247 1866 1402 1943 duanrm

340 1978 398 2051 vel
413 1980 524 2053 trium
540 1979 734 2072 horarum
754 2003 942 2081 quaecum
962 2002 1039 2054 non
1061 1981 1139 2055 sine
1153 2006 1282 2081 magna
1300 1983 1403 2059 obti-

341 2096 474 2169 nuisset
484 2096 712 2192 difficultate,
731 2110 936 2171 convocato
949 2096 1121 2171 universo
1135 2097 1233 2172 clero
1246 2102 1403 2201 populo-

340 2240 412 2315 que
431 2216 599 2305 civitatis,
613 2240 741 2291 comm
757 2216 913 2316 desuper
927 2213 1098 2315 expetivit
1112 2216 1315 2293 consilinm.
1330 2221 1401 2309 Qui

340 2354 424 2402 cum
441 2328 663 2406 deditionem
676 2356 760 2405 cum
775 2333 884 2430 equis
900 2328 1127 2431 pactionibus
1140 2344 1179 2403 et
1193 2332 1402 2407 melioribus
1420 2358 1423 2365 ·

340 2470 420 2545 quae
433 2445 586 2521 obtineri
597 2462 755 2548 possent,
769 2446 880 2521 lerme
891 2469 1031 2532 omnes,
1046 2448 1233 2545 presentia
1244 2448 1402 2545 pericula

340 2562 584 2662 inspicientes,
604 2564 804 2666 faciendam
821 2588 865 2637 ex
882 2563 1091 2637 necessitate
1107 2577 1317 2655 censerent,
1336 2588 1401 2639 ro·

339 2695 511 2775 gaverunt
519 2706 602 2755 eum
612 2695 653 2755 ut
663 2681 711 2755 ad
721 2680 793 2755 hoc
804 2678 1066 2781 perficiendum
1072 2703 1153 2754 suas
1159 2677 1266 2754 vellet
1275 2704 1401 2780 operas

339 2794 527 2871 salubriter
543 2798 764 2901 impendere.
785 2800 883 2887 Quas
899 2798 944 2870 ad
958 2795 1032 2870 hoc
1041 2795 1208 2891 libenter,
1223 2822 1292 2897 pro
1302 2821 1401 2871 com·

339 2915 440 2987 muni
457 2916 622 2989 omnium
640 2914 770 3007 salute,
791 2915 1018 3015 impertiens,
1039 2914 1221 3013 conceptis
1237 2913 1401 3012 capitulis

340 3035 574 3131 opportunis,
588 3057 667 3133 quae
677 3046 714 3107 et
724 3056 851 3105 omnes
862 3032 1066 3130 etsingulos
1079 3043 1191 3106 status
1203 3054 1399 3105 concerne-

338 3162 419 3221 rent
446 3163 520 3223 tam
536 3149 622 3223 cleri
647 3173 755 3248 quam
772 3149 897 3248 populi
921 3162 957 3221 et
974 3150 1085 3221 totius
1102 3146 1295 3221 nobilitatis
1311 3146 1399 3221 dioe·

339 3266 446 3355 cesis,
465 3279 501 3339 et
517 3265 652 3340 eisdem
675 3263 742 3338 sub
762 3262 835 3336 lide
853 3266 950 3361 regia
971 3262 1136 3362 pollicitis
1166 3277 1202 3337 et
1225 3264 1401 3337 concessis

339 3379 386 3455 ab
402 3380 454 3453 eis
471 3382 533 3477 qui
548 3381 643 3453 vices
657 3384 878 3452 Francorum
898 3377 990 3475 regis
1006 3376 1194 3475 gerebant,
1213 3376 1400 3451 sufficienti

339 3508 375 3568 et
391 3495 508 3567 ualida
527 3493 661 3583 adhoc
675 3503 851 3593 potestate
867 3489 1023 3564 suffultis
1037 3546 1047 3583 ,
1071 3489 1292 3563 deditionem
1312 3490 1401 3562 civi·
1506 3496 1511 3503 '

338 3612 420 3684 tatis
437 3637 479 3685 ex
492 3612 676 3686 communi
694 3608 858 3683 omnium
874 3606 1061 3679 voluntate
1077 3605 1170 3678 lecit.
1192 3610 1232 3677 ln
1248 3628 1318 3703 qua
1333 3629 1400 3678 nec

339 3738 494 3798 exsortes
510 3724 577 3825 ipsi
593 3722 729 3821 anglici
745 3722 854 3795 etiam
877 3718 1044 3793 beneficii
1060 3716 1172 3791 relicti
1189 3730 1291 3808 sunt;
1310 3716 1399 3813 quin

340 3840 415 3913 imo
436 3840 571 3914 eisdem
588 3840 701 3939 pactis
717 3852 753 3913 et
770 3835 1064 3929 conditionibus,
1084 3834 1215 3934 quibus
1232 3849 1269 3907 et
1286 3835 1400 3907 caeteri

338 3956 512 4055 patriota,
523 3981 589 4057 per
596 3956 720 4030 omnia
728 3954 834 4053 potiti
845 3968 946 4044 sunt;
963 3951 1046 4025 data
1058 3952 1164 4025 etiam
1174 3948 1401 4023 cisetrelicta

340 4073 499 4169 optione,
515 4090 567 4167 ut,
586 4076 615 4147 si
631 4072 699 4147 sub
716 4077 937 4146 Francorum
954 4071 1047 4169 regis
1063 4070 1200 4143 ditione
1216 4091 1402 4141 remanere

340 4200 375 4256 et
390 4183 567 4262 fidelitatis
579 4189 827 4286 juramentum
844 4201 1013 4286 praestare
1028 4184 1180 4277 vellent,
1195 4184 1270 4257 suis
1282 4182 1400 4256 mobi-

339 4296 433 4372 libus
448 4313 555 4399 atque
571 4302 817 4375 immobilibus
830 4302 1028 4399 gauderent
1041 4300 1215 4402 plenarie,
1228 4298 1402 4397 quemad-

341 4412 493 4489 modum
514 4430 598 4489 aute
621 4416 816 4509 facieban13
835 4419 890 4490 sin
906 4440 993 4490 vero
1016 4416 1064 4490 ad
1080 4440 1165 4491 suos
1179 4414 1400 4489 contribulos

342 4530 471 4627 bnglos
486 4545 522 4603 et
538 4556 664 4606 eorum
680 4534 921 4607 obedientiam
937 4534 1088 4607 transire
1100 4531 1253 4624 vellent,
1267 4530 1303 4602 id
1319 4533 1400 4631 qui-

339 4646 423 4721 dem
439 4662 587 4747 possent
604 4647 729 4741 libere,
748 4664 785 4721 et
800 4648 863 4721 illo
882 4646 1059 4722 advehere
1075 4672 1138 4723 sua
1153 4646 1263 4741 bona,
1282 4661 1357 4731 aut,
1370 4649 1399 4718 si
