3892 5892
559 932 617 1001 rat
836 930 1091 1003 autemnon
1113 914 1248 1000 elnon
1273 941 1325 1001 vn

555 1048 805 1166 contemptim
827 1072 1008 1166 patratum
1030 1064 1137 1137 tutone
1163 1064 1398 1165 reputabant,
1422 1082 1619 1145 asserentes

557 1181 688 1279 anglos
704 1182 892 1278 lidellagos
909 1205 952 1254 ex
968 1181 1041 1253 buc
1063 1181 1248 1254 manifeste
1268 1182 1518 1281 comprobari,
1537 1186 1616 1283 jus-

557 1305 663 1399 teque
691 1316 712 1373 a
735 1298 898 1393 rrarrets,
923 1298 1064 1397 quibus
1077 1296 1186 1373 ttdern
1208 1307 1391 1398 pactarum
1408 1316 1614 1399 treugarum

556 1416 707 1488 mtntroe
721 1416 967 1504 servavissent,
982 1414 1069 1513 quin
1084 1428 1143 1487 eas
1158 1414 1278 1514 potius
1291 1416 1426 1515 perfide
1443 1430 1478 1490 et
1493 1421 1616 1517 nequl-

556 1545 610 1605 ter
633 1532 842 1622 niulaos'ent,
872 1548 977 1630 posse
1003 1532 1053 1602 eis
1076 1528 1213 1603 bellum
1241 1528 1373 1604 inferri.
1402 1537 1445 1604 Et
1466 1534 1613 1629 quidem

554 1648 649 1740 illico¹
677 1650 726 1721 ita
752 1648 830 1721 fieri
854 1644 989 1719 debere
1012 1646 1133 1747 plures
1158 1668 1202 1719 ex
1221 1642 1441 1719 Francorum
1462 1648 1614 1724 ducibus

554 1761 685 1839 Catulo
698 1766 773 1861 r'egl
785 1763 994 1836 suadebant.
1006 1768 1086 1862 lpse
1100 1783 1200 1855 vero,
1212 1764 1274 1861 qui
1287 1763 1402 1859 grans
1412 1777 1447 1835 et
1455 1764 1613 1862 prudens

555 1886 649 1971 erat,
674 1883 810 1980 quique
834 1880 1005 1978 justitiam
1030 1894 1065 1951 et
1089 1878 1198 1952 fidem
1226 1878 1475 1977 honoremque
1507 1896 1611 1954 strum

555 1995 723 2069 omnibus
745 1996 1002 2095 temporalibus
1028 1995 1228 2067 commodis
1251 2001 1501 2094 anteponeret,
1531 1998 1613 2070 eba-

554 2111 737 2209 rlore'sque
752 2108 921 2202 haberet,
940 2124 1077 2183 tantam
1090 2128 1165 2182 rem
1183 2120 1417 2209 properanter
1427 2120 1464 2183 et
1473 2114 1612 2186 concite

555 2225 829 2327 aggrediendam
852 2243 928 2300 non
951 2227 1109 2318 sensuit,
1128 2228 1271 2315 volens,
1296 2226 1430 2299 nedum
1451 2250 1473 2300 a
1492 2228 1608 2324 malo,

553 2359 679 2418 verum
702 2346 807 2418 etiam
823 2344 869 2416 ab
887 2344 988 2415 omni
1007 2343 1124 2442 specie
1144 2342 1239 2435 mali,
1261 2342 1360 2439 juxta
1376 2344 1613 2443 apostolicum

554 2470 783 2564 preceptum,
798 2481 926 2535 cavere
940 2474 977 2533 et
992 2460 1180 2533 abstinere.
1203 2457 1239 2531 st
1255 2462 1364 2553 enlm,
1384 2475 1532 2562 repente
1550 2464 1612 2537 itto

553 2588 692 2679 patrato
708 2599 830 2679 opere,
853 2575 969 2674 anglis
987 2575 1123 2649 bellum
1143 2576 1271 2649 inferre
1287 2590 1530 2677 properasset,
1548 2598 1611 2679 po

553 2701 700 2771 tuissent
725 2699 843 2769 forsan
868 2696 989 2798 hostes
1014 2695 1059 2766 de
1087 2714 1131 2766 eo
1160 2686 1298 2787 dicere,
1326 2696 1425 2792 quod
1447 2698 1544 2771 vafre
1575 2706 1611 2773 et

552 2813 677 2886 dolose
693 2813 762 2883 tale
778 2809 1005 2905 malignitatis
1017 2824 1262 2882 commentum
1276 2812 1352 2909 ipse
1365 2814 1512 2887 Carolus
1527 2841 1609 2889 cum

550 2929 613 2999 illo
640 2928 826 3000 Francisco
838 2980 848 3019 ,
871 2924 983 2995 milite
1004 2922 1203 3017 Celtibero,
1222 2926 1446 3001 machinatus
1469 2929 1605 3025 suisset,

550 3058 606 3131 ut,
633 3042 700 3113 sub
728 3040 791 3114 illo
817 3055 1007 3140 praetextu,
1028 3054 1167 3136 treugas
1187 3066 1270 3114 cum
1288 3043 1373 3142 ipsis
1392 3045 1497 3117 initas
1511 3047 1607 3142 jura·

550 3171 671 3255 tasque
698 3157 950 3255 abrumperet,
981 3171 1017 3229 et
1042 3156 1092 3229 eis
1116 3176 1239 3229 earum
1261 3172 1448 3257 rupturam
1470 3161 1607 3236 calum-

550 3274 650 3346 niose
666 3274 870 3373 imputaret.

597 3390 706 3476 Quod
729 3390 903 3490 probrum
929 3406 1036 3489 atque
1057 3389 1289 3489 ignominiam
1312 3390 1443 3463 evitare
1462 3394 1601 3489 volens,

549 3505 747 3616 nolensque
772 3508 878 3581 talem
901 3508 938 3580 in
960 3505 1072 3605 gloria
1092 3532 1156 3580 sua
1178 3508 1266 3607 potti
1291 3508 1488 3603 maculam,
1517 3538 1604 3611 pru-

547 3621 673 3693 denter
686 3646 728 3693 ac
744 3626 921 3723 sapienter
933 3618 1030 3696 idem
1042 3645 1103 3694 rex
1112 3622 1261 3694 Carolus
1274 3627 1440 3697 occurrit.
1458 3630 1604 3725 Legatos

546 3738 643 3808 enim
661 3736 781 3838 plures
806 3754 841 3811 et
860 3740 967 3813 variis
988 3730 1141 3829 vicibus,
1170 3760 1245 3809 non
1272 3739 1383 3812 modo
1408 3740 1455 3813 ad
1475 3740 1603 3815 ducem

546 3852 776 3926 Summerseti
792 3854 996 3953 praefatum,
1017 3870 1139 3925 verum
1156 3850 1309 3926 etiamst
1325 3855 1364 3927 iu
1383 3856 1541 3957 dugliam
1558 3854 1603 3935 ad

545 3992 667 4064 regem
684 3969 878 4067 anglorum
900 3961 1010 4059 misit,
1035 3970 1096 4067 qui
1119 3970 1164 4042 de
1181 3972 1361 4045 attentatis
1378 3987 1452 4045 tam
1468 3976 1506 4046 in
1524 4001 1603 4076 cap

547 4104 625 4159 tura
642 4086 798 4185 praedicti
816 4084 959 4187 oppidi,
979 4112 1087 4185 quam
1104 4086 1210 4159 etiam
1233 4083 1271 4158 in
1290 4088 1410 4162 multis
1427 4091 1504 4164 aliis
1529 4118 1605 4193 spe*

517 4207 521 4221 '
545 4202 668 4275 ciebas
688 4218 963 4302 treugarumque
988 4219 1134 4302 ruptura
1157 4197 1283 4276 dolose
1306 4220 1342 4279 et
1359 4206 1495 4304 perfide
1516 4236 1602 4308 prae·

542 4334 698 4418 sumpta,
711 4334 956 4417 quererentur,
968 4320 1261 4417 requirerentque
1271 4321 1487 4395 damnorum
1496 4340 1602 4421 atque

543 4434 754 4530 injuriarum
775 4435 912 4508 debitas
931 4434 1006 4507 fieri
1026 4435 1266 4511 restitutiones
1283 4452 1317 4507 et
1335 4440 1599 4537 reparationes,

543 4554 744 4649 protestati,
769 4554 799 4625 sl
823 4553 969 4624 minime
993 4552 1030 4623 id
1052 4550 1168 4643 fieret,
1188 4550 1305 4626 fractis
1328 4578 1391 4627 sua
1415 4556 1600 4652 iniquitate

543 4667 692 4765 treugis,
720 4664 765 4739 *se
793 4668 839 4741 ad
872 4662 1026 4742 recidiva
1054 4666 1146 4741 bella
1183 4668 1249 4740 sibi
1283 4668 1468 4743 inserenda
1497 4692 1601 4745 nom·
