3892 5892
593 918 651 974 292
879 917 1135 974 ulfflomnnun
1154 917 1291 974 ennom
1312 919 1363 973 Vll

590 1037 680 1110 ditio
698 1038 869 1116 dissoluta
892 1054 927 1111 et
947 1039 1086 1111 desecta
1104 1052 1201 1126 erat,
1227 1064 1311 1112 cum
1334 1039 1446 1114 classa
1469 1057 1506 1114 et
1533 1041 1648 1113 militia

591 1179 655 1227 sua
671 1155 808 1252 majora
829 1169 989 1254 exparte
1007 1155 1053 1226 ad
1070 1155 1217 1254 propria
1232 1159 1431 1231 remeavit¹.

923 1355 1183 1474 carnnnun
1214 1405 1290 1490 xv.

622 1566 733 1634 Qualem
746 1565 914 1620 affectionem
924 1565 1035 1619 Carolus
1046 1583 1093 1616 rex
1104 1563 1138 1696 ag
1147 1565 1369 1638 Burgundionum
1378 1565 1474 1620 ducem
1483 1586 1512 1621 se
1523 1565 1617 1620 habero

1037 1657 1111 1697 osten
1133 1657 1198 1697 eret.

637 1814 795 1910 Contigit
807 1812 1072 1901 etiaminterea,
1090 1835 1204 1910 prope
1222 1811 1310 1884 dum
1325 1813 1493 1911 praefatus
1510 1811 1645 1910 Delphi·

589 1954 657 2001 nus
673 1953 779 2001 suum
798 1926 1014 2025 relinqueret
1031 1926 1302 2024 delphinatum,
1322 1928 1421 2025 quod
1440 1929 1645 2002 Lancclotus

588 2070 651 2117 sen
661 2043 860 2136 Ladislaus,
874 2069 935 2116 rex
946 2044 1135 2140 Hungariae
1146 2058 1183 2114 et
1195 2043 1385 2135 Bohemiae,
1400 2069 1554 2144 magnus
1564 2049 1643 2117 Aus-

588 2160 662 2232 triae
678 2159 752 2232 dux
761 2163 785 2253 ¹,
804 2159 964 2232 Marchio
981 2158 1147 2230 Moraviae
1164 2158 1394 2260 pluriumque
1408 2161 1563 2234 aliarum
1578 2173 1645 2228 ter-

587 2299 709 2348 rarum
733 2275 902 2347 dominus
926 2274 1192 2373 potentissimus
1216 2275 1294 2372 (qni
1319 2275 1411 2348 filins
1426 2292 1506 2349 erat
1528 2274 1645 2350 unicus

589 2392 741 2484 aiberti,
761 2393 852 2489 regis
873 2392 1061 2488 Hungariae
1083 2404 1119 2461 et
1141 2389 1317 2464 Bolremiae
1338 2407 1375 2464 et
1399 2393 1522 2490 magni
1553 2388 1644 2462 ducis

589 2510 751 2600 Austriae,
771 2513 1016 2580 Romanorum
1033 2507 1125 2602 regis
1145 2508 1268 2598 electi,
1289 2522 1325 2580 et
1341 2507 1420 2580 filiae
1436 2500 1645 2604 sigismundi

589 2625 850 2722 imperatoris),
864 2647 946 2694 cum
957 2622 1279 2704 adolescenscsset,
1297 2623 1446 2694 consilio
1462 2641 1643 2722 procerum

589 2761 739 2808 suorum
770 2750 806 2806 et
836 2760 963 2806 eorum
988 2735 1049 2828 qui
1075 2736 1152 2830 ojus
1178 2733 1350 2830 gerebant
1372 2759 1518 2824 curam,
1544 2731 1642 2804 filiam

591 2859 808 2925 Francorum
838 2852 929 2944 regis
956 2852 1092 2936 Caroli,
1120 2852 1255 2924 dictam
1282 2850 1551 2946 Magdalcnam,
1585 2848 1644 2916 sm·

590 2970 728 3065 dusque
744 2981 779 3038 et
796 2967 986 3038 amicitiam
1007 2991 1090 3052 cum
1107 2968 1239 3040 eodem
1254 2972 1473 3040 Francorum
1491 2989 1574 3062 rege
1588 2961 1642 3032 lra-

589 3083 674 3154 bcre
698 3081 936 3171 desideraret.
965 3086 1052 3154 Erat
1077 3097 1197 3156 autem
1227 3083 1324 3155 idem
1356 3084 1546 3177 Hungariae
1571 3099 1639 3160 rex,

591 3213 738 3298 proptor
764 3196 933 3269 ducatum
957 3197 1331 3294 Luxembnrgensem,
1357 3221 1466 3294 quem
1488 3198 1543 3268 sui
1565 3189 1642 3290 juris

592 3316 666 3386 fore
699 3312 968 3414 praetendebat,
997 3315 1164 3387 inimicus
1195 3314 1491 3410 Burgundionum
1524 3308 1639 3390 ducis;

592 3455 767 3528 cumque,
799 3454 841 3500 ex
872 3428 967 3500 dicta
1004 3445 1038 3500 ct
1070 3429 1252 3500 nonnullis
1284 3429 1399 3500 causis
1426 3428 1523 3520 aliis,
1551 3419 1641 3497 valde

591 3569 740 3616 exosum
772 3541 908 3615 habere
939 3542 1130 3618 ferebatur.
1159 3547 1250 3616 Cum
1266 3542 1388 3637 'igitur
1413 3567 1521 3640 super
1552 3533 1641 3612 dictis

593 3659 761 3757 conjugio
787 3683 830 3731 ac
852 3657 985 3730 soedcre
1003 3657 1214 3755 jungendis,
1234 3683 1298 3756 per
1314 3657 1556 3729 internuntios
1569 3649 1642 3724 satis

594 3789 798 3874 opportuna
804 3774 899 3871 jacta
911 3772 1366 3860 fuissentsundamenta,ad
1377 3796 1452 3842 rem
1464 3769 1640 3843 absolven-

594 3890 678 3960 dam
694 3904 800 3984 atque
811 3886 1154 3978 consummandam,
1175 3887 1269 3958 misit
1285 3885 1381 3958 idem
1393 3911 1454 3956 rcx
1467 3879 1642 3982 Hungariae

593 4005 639 4078 ad
657 4004 844 4096 Carnium,
869 4006 1089 4074 Francorum
1104 4027 1240 4098 regom,
1260 4003 1452 4074 maximam
1467 3995 1642 4072 solemnis·

592 4125 790 4218 simamqne
808 4119 1037 4216 legationem.
1061 4121 1168 4208 Erant
1191 4118 1286 4189 cuim
1312 4117 1347 4188 in
1368 4117 1494 4188 cadam
1510 4131 1546 4188 et
1562 4133 1641 4214 pnr-

592 4239 654 4310 lati
679 4254 714 4309 et
740 4237 939 4336 principes,
963 4234 1113 4306 comites
1135 4247 1169 4305 et
1195 4234 1364 4305 militares
1385 4221 1640 4332 quamplurium

632 4449 661 4502 Ι.
684 4445 727 4504 Cf.
750 4441 938 4517 christallum,
953 4445 1007 4500 ΙΙΙ·
1022 4440 1131 4520 partie,
1146 4438 1192 4506 ch.
1210 4459 1248 4496 xx
1266 4449 1295 4496 ct
1308 4437 1398 4512 suin,
1411 4449 1441 4496 et
1452 4441 1574 4514 Jacqucs
1590 4435 1642 4494 Du·

592 4533 701 4609 clercq,
719 4533 740 4593 Ι.
756 4537 791 4599 ν,
807 4531 854 4591 ch.
871 4552 934 4592 xlx.

632 4625 662 4678 2.
686 4619 832 4678 Arrhiduc
845 4618 1023 4678 d'Autriche.
