3892 5892
524 905 583 964 act
805 907 1062 968 mstotttatttnt
1080 909 1216 967 cauom
1236 910 1288 966 Vll

525 1052 650 1121 rumor
667 1027 713 1100 ad
731 1029 849 1101 Caroli
865 1083 876 1118 ,
890 1031 982 1126 regis
999 1035 1243 1122 Francorum,
1261 1032 1424 1102 notitiam
1440 1029 1588 1104 delatus

524 1143 664 1232 fuisset,
701 1169 774 1217 uon
808 1160 860 1218 est
888 1145 1040 1244 proinde
1070 1161 1313 1220 consternatus
1341 1147 1484 1236 auim03
1516 1146 1586 1218 sed

523 1255 795 1348 magnanimiter
825 1281 946 1330 casum
983 1255 1173 1346 adversum
1207 1259 1340 1350 serens,
1380 1259 1498 1329 statim
1533 1256 1587 1329 de

524 1371 682 1443 remedio
716 1371 933 1470 apponendo
963 1373 1144 1468 cogitavit.
1182 1377 1224 1444 Et
1254 1397 1337 1445 curn
1367 1374 1442 1468 jam
1472 1388 1587 1472 caput

523 1487 688 1569 instantis
707 1487 834 1558 hiemis
852 1501 962 1576 esset,
982 1487 1075 1558 circa
1093 1487 1256 1559 videlicet
1269 1487 1401 1558 testum
1417 1488 1585 1559 omnium

524 1615 731 1673 sanctorum
749 1625 846 1672 anno
869 1602 1015 1674 Domini
1036 1621 1226 1692 nccccurt„
1246 1602 1339 1674 misit
1356 1602 1502 1701 quidem
1518 1625 1587 1674 rex

526 1716 690 1790 militaria
713 1716 875 1814 praesidia
902 1741 967 1814 per
995 1717 1149 1814 singulas
1178 1718 1336 1791 civitates
1364 1733 1400 1790 et
1425 1717 1583 1818 oppida,

525 1831 739 1942 neslongins
768 1845 1000 1930 evagarentur
1026 1833 1211 1923 incendia,
1242 1857 1283 1905 ac
1314 1858 1358 1905 ue
1389 1833 1436 1906 ad
1462 1834 1587 1906 hostes

526 1946 735 2037 deficiendi,
767 1947 931 2046 exemplo
964 1947 1186 2044 Burdegalae,
1222 1948 1422 2020 civitatibus
1451 1950 1588 2021 caeteris

519 2077 634 2159 atque
671 2060 814 2160 oppidis
853 2086 919 2162 par
954 2062 1101 2135 facultas
1139 2063 1422 2163 permitteretur„
1445 2063 1516 2135 Sed
1547 2063 1586 2134 in

529 2176 682 2268 estatem
699 2190 926 2273 sequentem,
944 2187 1121 2248 transacta
1140 2175 1277 2266 hieme,
1302 2175 1434 2248 bellum
1456 2177 1494 2250 iu
1517 2175 1589 2248 illis

527 2288 733 2385 regionibus
748 2290 901 2387 anglicis
912 2288 1138 2362 inserendum
1155 2288 1297 2361 dillerre
1314 2291 1509 2362 constituit.

877 2593 1138 2673 'ctrrruuuu
1165 2605 1224 2672 vt.

564 2809 688 2867 munda
698 2809 832 2882 expeditio
844 2808 1015 2880 Aquitanica,
1028 2827 1081 2879 qua
1095 2825 1141 2861 rex
1154 2807 1265 2862 Carolus
1276 2805 1394 2861 oecnndo
1407 2807 1553 2879 duploide

773 2896 921 2968 Burdegala
931 2896 1104 2966 etnqnitania
1116 2895 1219 2968 panitur
1230 2882 1339 2968 expulit.
1460 2909 1463 2917 “

580 3085 689 3180 igitur
702 3082 821 3154 hieme
845 3081 1018 3180 praeterita
1033 3096 1068 3153 et
1080 3083 1154 3178 jam
1171 3081 1297 3154 aestivis
1319 3081 1483 3153 restitutis
1497 3095 1590 3154 tem-

530 3197 879 3299 poribus,*decrevit
900 3223 980 3288 rex,
1000 3197 1195 3295 prudenter
1221 3196 1354 3292 negotii
1376 3195 1589 3268 arduitatem

531 3315 729 3415 pensitans,
753 3340 818 3413 per
836 3315 1065 3412 semetipsum
1083 3313 1144 3384 illo
1160 3305 1423 3410 expeditionem
1440 3309 1587 3384 ducere.

533 3439 611 3531 lpse
634 3431 789 3530 quippe,
808 3457 852 3503 eo
869 3424 967 3527 qno'd
990 3429 1075 3503 alias
1097 3426 1143 3501 ad
1165 3444 1274 3500 terras
1297 3421 1373 3500 illas
1389 3426 1590 3526 expeditio·

533 3572 617 3619 nem
639 3561 765 3618 contra
789 3545 935 3618 eosdem
963 3546 1093 3642 Anglos
1117 3541 1289 3632 duxisset,
1307 3566 1390 3614 cum
1415 3539 1590 3639 oppidum

532 3663 579 3734 de
608 3665 736 3733 llartas
763 3659 884 3731 fuisset
911 3644 930 3730 a
959 3659 1032 3730 suis
1055 3656 1240 3729 obsessum
1265 3653 1589 3753 (quemadmodum

533 3757 641 3878 supra
656 3774 876 3868 retulimus),
901 3773 1011 3845 totius
1031 3772 1123 3874 illius
1146 3787 1248 3843 terrae
1269 3769 1434 3842 notitiam
1457 3771 1593 3867 optime

532 3891 700 3973 habebat.
727 3890 925 3963 Contractis
946 3889 1067 3987 itaque
1080 3885 1404 3984 ¹magnis‘equiturn
1427 3910 1469 3957 ac
1490 3885 1591 3984 pedi·

482 4085 485 4090 ,
534 4024 610 4083 tum
644 4006 778 4106 copiis,
813 4002 875 4076 illo
910 4026 994 4074 cum
1028 4000 1185 4072 exercitu
1216 4026 1277 4073 rex
1308 3999 1487 4104 proiectus
1517 4015 1589 4094 est,

533 4125 656 4197 relicto
671 4121 723 4200 ad
746 4118 945 4195 custodiam
970 4117 1197 4188 Normanniae
1217 4114 1343 4186 illustri
1365 4115 1497 4186 comite
1517 4117 1593 4186 Du·

472 4301 476 4308 .
532 4236 652 4329 nensi,
680 4261 789 4336 quem
809 4247 1002 4331 cognatum
1025 4229 1247 4327 singulariter
1270 4228 1451 4329 appellare
1468 4227 1593 4300 solitus

493 4353 498 4361 ’
531 4369 624 4428 erat.⁴
641 4357 713 4442 Qui
737 4379 827 4427 curn.
848 4350 982 4424 ceteris
1007 4347 1159 4422 ducibus
1187 4361 1222 4419 et
1248 4343 1458 4418 militaribus
1480 4345 1594 4444 copiis

531 4471 731 4544 defensioni
758 4466 985 4542 Normanniae
1014 4464 1163 4538 solerter
1192 4487 1234 4535 ac
1267 4459 1417 4534 fideliter
1450 4462 1593 4534 interim

530 4587 709 4674 incubuit,
735 4588 783 4659 ita
800 4599 838 4656 ut
855 4583 982 4679 angli,
996 4580 1078 4654 licet
1095 4579 1205 4652 multa
1226 4579 1533 4652 comminarentur
1554 4593 1591 4650 et
