3892 5892
593 959 649 1017 310
876 949 1132 1012 mammutium
1152 951 1288 1014 cinon
1309 959 1363 1016 vn

591 1079 715 1180 pulsus
732 1078 959 1177 dejectusque
976 1078 1057 1169 suit,
1075 1095 1274 1178 expugnata
1297 1096 1333 1154 et
1355 1097 1456 1182 mpta
1479 1105 1590 1183 snpra
1609 1105 1641 1155 se

591 1195 739 1293 Neapoli
759 1221 767 1266 τ
789 1193 887 1267 unde
904 1190 1048 1294 pulsus,
1069 1197 1175 1267 etiarn
1196 1198 1304 1270 totius
1321 1201 1422 1296 regni
1440 1199 1533 1273 fines
1548 1199 1642 1272 e'xoc·

590 1312 677 1418 dere
698 1328 806 1411 atque
822 1313 859 1384 in
878 1311 1029 1383 Galliam
1049 1311 1235 1408 fugitivum
1252 1335 1290 1386 ae
1310 1312 1470 1414 recipere
1486 1312 1643 1416 compul-

565 1509 569 1515 ,
590 1450 650 1503 sus
668 1437 733 1501 est.
965 1516 968 1520 ,

638 1550 746 1617 Facto
775 1545 895 1641 itaque
923 1541 1022 1642 apud
1054 1547 1205 1616 ianuam
1236 1543 1487 1642 hujuscemodi
1520 1545 1641 1619 infelici

590 1662 805 1754 certamine,
825 1661 861 1731 in
880 1678 953 1756 quo
971 1661 1192 1732 Francorum
1214 1682 1322 1760 snpra
1342 1663 1410 1734 tria
1431 1659 1544 1734 millia
1563 1683 1640 1734 casn

591 1774 808 1863 serebantur,
819 1773 969 1846 totidem
979 1794 1065 1845 vero
1076 1799 1175 1872 paene
1185 1776 1221 1848 in
1232 1776 1470 1873 captivitatem
1480 1773 1640 1862 abducta,

590 1913 674 1965 cum
687 1891 840 1962 obsessis
853 1909 935 1988 spes
949 1889 1196 1986 consequendi
1212 1909 1401 1965 succursus
1415 1892 1542 1966 soleba
1554 1887 1641 1964 nulle

591 2020 768 2098 maneret,
793 2021 830 2079 et
850 2007 943 2078 tarne
966 2019 1075 2106 atque
1098 2009 1197 2078 omni
1220 2031 1321 2107 paene
1349 2030 1469 2082 rerum
1490 2027 1640 2083 necesse·

590 2123 725 2196 riarum
740 2125 889 2222 penuria
904 2137 1164 2222 premerentur,
1180 2125 1269 2196 arcis
1282 2119 1507 2198 deditionem
1518 2123 1641 2199 civibus

590 2239 762 2333 lecerunt,
773 2238 995 2329 melioribus,
1008 2260 1098 2338 quas
1108 2239 1241 2312 habere
1254 2254 1460 2338 potuerunt,
1475 2240 1641 2316 conditio

591 2358 698 2431 nibus
717 2359 883 2457 acceptis.
902 2356 1042 2444 Quibus
1057 2355 1164 2428 rebus
1180 2347 1384 2453 intellectis,
1404 2361 1557 2432 Carolus
1570 2377 1638 2442 rar,

591 2499 667 2547 nnn
683 2475 768 2547 inde
784 2494 913 2573 parum
928 2487 1074 2546 moestus
1095 2473 1239 2564 animo,
1257 2475 1357 2572 quod
1378 2471 1511 2549 talibus
1527 2473 1641 2574 injuria

592 2582 798 2689 damnoque
814 2591 959 2664 affectus
971 2589 1080 2680 soret,
1098 2609 1178 2686 qnae
1189 2589 1227 2660 in
1245 2587 1355 2686 gloria
1362 2643 1374 2686 ,
1391 2609 1504 2690 quam
1517 2585 1639 2664 nntein

592 2707 735 2781 rebusa
747 2729 785 2779 se
801 2703 898 2779 bello
914 2705 1018 2803 gestis
1035 2706 1148 2777 tuerat
1163 2720 1395 2798 consecutus,
1411 2723 1488 2780 nnn
1505 2723 1639 2807 parram

593 2823 769 2894 maculam
785 2819 1010 2918 ingerebant,
1030 2819 1182 2914 majores
1204 2823 1325 2922 copiae
1340 2821 1578 2911 contrahens,
1595 2815 1640 2888 nl·

593 2945 670 3009 tum
696 2939 740 3007 iri
764 2937 885 3008 animo
912 2931 1139 3034 proponebat
1165 2949 1273 3036 atque
1299 2958 1427 3036 magna
1453 2937 1639 3014 lntcnticne

591 3048 797 3150 apparebat.

933 3255 1191 3349 birunnun
1216 3277 1307 3348 xxi.

821 3473 917 3530 Obitus
928 3474 1019 3530 Caroli
1029 3473 1153 3548 septimi,
1166 3473 1330 3528 Francorum
1344 3473 1420 3548 regis.

642 3643 713 3718 sed
728 3666 812 3717 curn
827 3639 900 3715 boc
916 3665 953 3715 se
968 3641 1145 3714 facturum
1164 3655 1399 3742 proponeret,
1417 3643 1524 3716 simul
1547 3644 1640 3718 etiam

593 3777 630 3839 et
654 3788 719 3856 eo,
740 3785 813 3860 quo
841 3758 1041 3853 retulimus,
1068 3756 1180 3830 modo
1205 3757 1253 3830 ad
1279 3783 1317 3832 se
1340 3758 1583 3836 ulciscendum
1602 3755 1639 3828 de

594 3882 686 3954 duce
709 3873 1027 3974 Burgundionum,
1048 3889 1084 3945 et
1107 3871 1153 3946 de
1180 3874 1364 3975 punienda
1386 3873 1449 3949 lilii
1473 3878 1529 3948 sui
1553 3879 1588 3949 in
1609 3891 1641 3942 sc

593 3991 836 4072 inobedientia
858 4007 966 4091 atque
994 3989 1241 4082 contumacia,
1268 4016 1398 4089 magna
1420 3991 1641 4066 fiandamenta

589 4113 737 4214 jaceret,
749 4107 870 4180 divina
880 4105 940 4179 illa
950 4127 1091 4179 summa
1104 4103 1332 4180 Providentia
1346 4105 1447 4180 aliter
1457 4107 1641 4180 decernens

594 4231 692 4330 (qua
705 4249 830 4326 regum
845 4239 881 4297 et
894 4223 1098 4324 principum
1114 4222 1262 4295 consilia
1279 4248 1371 4324 saepe
1386 4225 1423 4296 in
1437 4227 1577 4298 irritum
1590 4221 1641 4293 de

595 4343 726 4442 duxit),
746 4365 891 4415 suarum
912 4339 1169 4437 cogitationum
1191 4354 1228 4412 et
1248 4339 1484 4440 cupiditatum
1505 4334 1641 4415 vanitan'

594 4461 788 4533 terminum
800 4459 1003 4557 imponens,
1018 4457 1153 4554 ipsum,
1170 4470 1361 4555 postquam
1378 4481 1494 4530 annos
1511 4458 1641 4556 triginta

594 4601 726 4650 novem
743 4589 824 4676 post
839 4575 948 4675 patris
964 4573 1018 4644 sui
1035 4570 1173 4643 obitum
1190 4587 1385 4669 regnasset,
1404 4572 1451 4648 ad
1470 4599 1509 4648 se
1526 4598 1569 4646 cx
1580 4571 1640 4642 boc

595 4693 724 4768 sacculo
741 4717 898 4792 nequam
914 4688 1095 4780 evocavit3
1115 4703 1149 4762 et
1169 4714 1252 4762 cum
1275 4685 1569 4788 burgundionum
1584 4683 1641 4760 du·
