<?xml version="1.0" encoding="UTF-8"?>
<!DOCTYPE html PUBLIC "-//W3C//DTD XHTML 1.0 Transitional//EN"
    "http://www.w3.org/TR/xhtml1/DTD/xhtml1-transitional.dtd">
<html xmlns="http://www.w3.org/1999/xhtml" xml:lang="en" lang="en">
 <head>
  <title>
</title>
<meta http-equiv="Content-Type" content="text/html;charset=utf-8" />
  <meta name='ocr-system' content='tesseract 3.04.00' />
  <meta name='ocr-capabilities' content='ocr_page ocr_carea ocr_par ocr_line ocrx_word'/>
</head>
<body>
  <div class='ocr_page' id='page_1' title='image "./histoiredesrgne01amelgoog_0466.png"; bbox 0 0 3892 5892; ppageno 0'>
   <div class='ocr_carea' id='block_1_1' title="bbox 373 947 1438 4522">
    <p class='ocr_par' dir='ltr' id='par_1_1' title="bbox 378 947 1438 3136">
     <span class='ocr_line' id='line_1_1' title="bbox 771 947 1427 1035; baseline -0.009 -15"><span class='ocrx_word' id='word_1_1' title='bbox 771 964 880 1020; x_wconf 81' lang='lat' dir='ltr'><strong>unua</strong></span> <span class='ocrx_word' id='word_1_2' title='bbox 900 947 1086 1035; x_wconf 56' lang='lat' dir='ltr'><strong>nunnus?</strong></span> <span class='ocrx_word' id='word_1_3' title='bbox 1374 957 1427 1015; x_wconf 81' lang='lat' dir='ltr'><strong>ast</strong></span> 
     </span>
     <span class='ocr_line' id='line_1_2' title="bbox 383 1079 1432 1180; baseline -0.005 -24"><span class='ocrx_word' id='word_1_4' title='bbox 383 1100 455 1178; x_wconf 89' lang='lat' dir='ltr'><strong>tes,</strong></span> <span class='ocrx_word' id='word_1_5' title='bbox 472 1086 589 1158; x_wconf 89' lang='lat' dir='ltr'><strong>statim</strong></span> <span class='ocrx_word' id='word_1_6' title='bbox 609 1085 756 1158; x_wconf 82' lang='lat' dir='ltr'><strong>classem</strong></span> <span class='ocrx_word' id='word_1_7' title='bbox 773 1100 809 1157; x_wconf 91' lang='lat' dir='ltr'><strong>et</strong></span> <span class='ocrx_word' id='word_1_8' title='bbox 830 1083 984 1156; x_wconf 90' lang='lat' dir='ltr'><strong>militum</strong></span> <span class='ocrx_word' id='word_1_9' title='bbox 1000 1083 1153 1156; x_wconf 89' lang='lat' dir='ltr'><strong>validam</strong></span> <span class='ocrx_word' id='word_1_10' title='bbox 1170 1079 1432 1180; x_wconf 80' lang='lat' dir='ltr'>expeditionem</span> 
     </span>
     <span class='ocr_line' id='line_1_3' title="bbox 383 1198 1434 1299; baseline -0.006 -27"><span class='ocrx_word' id='word_1_11' title='bbox 383 1215 610 1299; x_wconf 88' lang='lat' dir='ltr'><strong>paraverunt.</strong></span> <span class='ocrx_word' id='word_1_12' title='bbox 630 1201 738 1296; x_wconf 87' lang='lat' dir='ltr'><strong>Cujus</strong></span> <span class='ocrx_word' id='word_1_13' title='bbox 763 1200 950 1288; x_wconf 89' lang='lat' dir='ltr'><strong>ducatum,</strong></span> <span class='ocrx_word' id='word_1_14' title='bbox 973 1214 1146 1296; x_wconf 83' lang='lat' dir='ltr'><strong>tanquam</strong></span> <span class='ocrx_word' id='word_1_15' title='bbox 1169 1198 1306 1295; x_wconf 91' lang='lat' dir='ltr'><strong>optimo</strong></span> <span class='ocrx_word' id='word_1_16' title='bbox 1328 1211 1434 1293; x_wconf 88' lang='lat' dir='ltr'><strong>atque</strong></span> 
     </span>
     <span class='ocr_line' id='line_1_4' title="bbox 383 1309 1435 1415; baseline -0.005 -28"><span class='ocrx_word' id='word_1_17' title='bbox 383 1314 632 1415; x_wconf 89' lang='lat' dir='ltr'><strong>probatissimo</strong></span> <span class='ocrx_word' id='word_1_18' title='bbox 656 1314 756 1403; x_wconf 92' lang='lat' dir='ltr'><strong>duci,</strong></span> <span class='ocrx_word' id='word_1_19' title='bbox 783 1313 932 1386; x_wconf 88' lang='lat' dir='ltr'><strong>domino</strong></span> <span class='ocrx_word' id='word_1_20' title='bbox 960 1313 1009 1385; x_wconf 90' lang='lat' dir='ltr'><strong>de·</strong></span> <span class='ocrx_word' id='word_1_21' title='bbox 1028 1311 1185 1404; x_wconf 71' lang='lat' dir='ltr'><strong>talebot,</strong></span> <span class='ocrx_word' id='word_1_22' title='bbox 1208 1309 1329 1381; x_wconf 87' lang='lat' dir='ltr'><strong>comiti</strong></span> <span class='ocrx_word' id='word_1_23' title='bbox 1346 1310 1435 1383; x_wconf 90' lang='lat' dir='ltr'><strong>Che·</strong></span> 
     </span>
     <span class='ocr_line' id='line_1_5' title="bbox 381 1426 1436 1521; baseline -0.005 -20"><span class='ocrx_word' id='word_1_24' title='bbox 381 1431 611 1521; x_wconf 87' lang='lat' dir='ltr'><strong>rosberiensi,</strong></span> <span class='ocrx_word' id='word_1_25' title='bbox 630 1429 809 1501; x_wconf 84' lang='lat' dir='ltr'><strong>duxerunt</strong></span> <span class='ocrx_word' id='word_1_26' title='bbox 824 1428 1135 1500; x_wconf 86' lang='lat' dir='ltr'><strong>committendum.</strong></span> <span class='ocrx_word' id='word_1_27' title='bbox 1154 1428 1247 1498; x_wconf 82' lang='lat' dir='ltr'>Licet</span> <span class='ocrx_word' id='word_1_28' title='bbox 1263 1426 1378 1510; x_wconf 89' lang='lat' dir='ltr'><strong>enim,</strong></span> <span class='ocrx_word' id='word_1_29' title='bbox 1397 1441 1436 1497; x_wconf 95' lang='lat' dir='ltr'><strong>ut</strong></span> 
     </span>
     <span class='ocr_line' id='line_1_6' title="bbox 382 1543 1433 1643; baseline -0.005 -26"><span class='ocrx_word' id='word_1_30' title='bbox 382 1569 491 1643; x_wconf 89' lang='lat' dir='ltr'><strong>supra</strong></span> <span class='ocrx_word' id='word_1_31' title='bbox 514 1546 808 1633; x_wconf 83' lang='lat' dir='ltr'><strong>memoravimus,</strong></span> <span class='ocrx_word' id='word_1_32' title='bbox 839 1543 944 1616; x_wconf 85' lang='lat' dir='ltr'><strong>obses</strong></span> <span class='ocrx_word' id='word_1_33' title='bbox 973 1543 1079 1618; x_wconf 89' lang='lat' dir='ltr'><strong>datus</strong></span> <span class='ocrx_word' id='word_1_34' title='bbox 1100 1543 1174 1638; x_wconf 85' lang='lat' dir='ltr'><strong>regi</strong></span> <span class='ocrx_word' id='word_1_35' title='bbox 1198 1546 1433 1631; x_wconf 85' lang='lat' dir='ltr'><strong>Francorum,</strong></span> 
     </span>
     <span class='ocr_line' id='line_1_7' title="bbox 384 1641 1434 1759; baseline -0.001 -28"><span class='ocrx_word' id='word_1_36' title='bbox 384 1675 531 1759; x_wconf 85' lang='lat' dir='ltr'><strong>propter</strong></span> <span class='ocrx_word' id='word_1_37' title='bbox 547 1661 725 1734; x_wconf 86' lang='lat' dir='ltr'><strong>delectum</strong></span> <span class='ocrx_word' id='word_1_38' title='bbox 737 1641 946 1732; x_wconf 74' lang='lat' dir='ltr'><strong>redditionis</strong></span> <span class='ocrx_word' id='word_1_39' title='bbox 959 1645 1171 1731; x_wconf 81' lang='lat' dir='ltr'><strong>llonneiluti</strong></span> <span class='ocrx_word' id='word_1_40' title='bbox 1183 1673 1216 1729; x_wconf 89' lang='lat' dir='ltr'><strong>et</strong></span> <span class='ocrx_word' id='word_1_41' title='bbox 1228 1672 1434 1730; x_wconf 87' lang='lat' dir='ltr'><strong>caeterorum</strong></span> 
     </span>
     <span class='ocr_line' id='line_1_8' title="bbox 383 1772 1437 1872; baseline -0.002 -26"><span class='ocrx_word' id='word_1_42' title='bbox 383 1775 534 1847; x_wconf 90' lang='lat' dir='ltr'><strong>aliorum</strong></span> <span class='ocrx_word' id='word_1_43' title='bbox 561 1791 786 1864; x_wconf 85' lang='lat' dir='ltr'><strong>castrorum,</strong></span> <span class='ocrx_word' id='word_1_44' title='bbox 816 1776 918 1872; x_wconf 88' lang='lat' dir='ltr'><strong>quasi</strong></span> <span class='ocrx_word' id='word_1_45' title='bbox 945 1794 1010 1871; x_wconf 84' lang='lat' dir='ltr'><strong>per</strong></span> <span class='ocrx_word' id='word_1_46' title='bbox 1034 1774 1120 1844; x_wconf 90' lang='lat' dir='ltr'><strong>anni</strong></span> <span class='ocrx_word' id='word_1_47' title='bbox 1146 1772 1300 1870; x_wconf 87' lang='lat' dir='ltr'><strong>spatium</strong></span> <span class='ocrx_word' id='word_1_48' title='bbox 1315 1794 1337 1843; x_wconf 90' lang='lat' dir='ltr'><strong>a</strong></span> <span class='ocrx_word' id='word_1_49' title='bbox 1353 1795 1437 1869; x_wconf 83' lang='lat' dir='ltr'><strong>rege</strong></span> 
     </span>
     <span class='ocr_line' id='line_1_9' title="bbox 382 1887 1435 1987; baseline -0.003 -26"><span class='ocrx_word' id='word_1_50' title='bbox 382 1906 538 1962; x_wconf 85' lang='lat' dir='ltr'><strong>servatus</strong></span> <span class='ocrx_word' id='word_1_51' title='bbox 553 1889 673 1961; x_wconf 84' lang='lat' dir='ltr'><strong>fuisset</strong></span> <span class='ocrx_word' id='word_1_52' title='bbox 688 1945 698 1972; x_wconf 82' lang='lat'><strong>,</strong></span> <span class='ocrx_word' id='word_1_53' title='bbox 716 1889 828 1961; x_wconf 85' lang='lat' dir='ltr'><strong>iuerat</strong></span> <span class='ocrx_word' id='word_1_54' title='bbox 840 1904 958 1960; x_wconf 88' lang='lat' dir='ltr'><strong>tamen</strong></span> <span class='ocrx_word' id='word_1_55' title='bbox 970 1887 1223 1987; x_wconf 85' lang='lat' dir='ltr'><strong>postmodum,</strong></span> <span class='ocrx_word' id='word_1_56' title='bbox 1237 1889 1337 1985; x_wconf 85' lang='lat' dir='ltr'><strong>quasi</strong></span> <span class='ocrx_word' id='word_1_57' title='bbox 1353 1913 1435 1959; x_wconf 95' lang='lat' dir='ltr'><strong>evo·</strong></span> 
     </span>
     <span class='ocr_line' id='line_1_10' title="bbox 383 2003 1435 2102; baseline -0.001 -27"><span class='ocrx_word' id='word_1_58' title='bbox 383 2004 457 2076; x_wconf 92' lang='lat' dir='ltr'><strong>luto</strong></span> <span class='ocrx_word' id='word_1_59' title='bbox 483 2028 600 2097; x_wconf 88' lang='lat' dir='ltr'><strong>anno,</strong></span> <span class='ocrx_word' id='word_1_60' title='bbox 626 2003 737 2076; x_wconf 89' lang='lat' dir='ltr'><strong>libere</strong></span> <span class='ocrx_word' id='word_1_61' title='bbox 760 2003 895 2101; x_wconf 82' lang='lat' dir='ltr'><strong>absque</strong></span> <span class='ocrx_word' id='word_1_62' title='bbox 915 2003 1033 2100; x_wconf 89' lang='lat' dir='ltr'><strong>aliqua</strong></span> <span class='ocrx_word' id='word_1_63' title='bbox 1056 2003 1304 2100; x_wconf 79' lang='lat' dir='ltr'><strong>redemptione</strong></span> <span class='ocrx_word' id='word_1_64' title='bbox 1326 2025 1435 2102; x_wconf 89' lang='lat' dir='ltr'><strong>pecu·</strong></span> 
     </span>
     <span class='ocr_line' id='line_1_11' title="bbox 382 2117 1437 2222; baseline 0.001 -32"><span class='ocrx_word' id='word_1_65' title='bbox 382 2120 494 2192; x_wconf 89' lang='lat' dir='ltr'><strong>niaria</strong></span> <span class='ocrx_word' id='word_1_66' title='bbox 509 2119 691 2209; x_wconf 90' lang='lat' dir='ltr'><strong>dimissus,</strong></span> <span class='ocrx_word' id='word_1_67' title='bbox 710 2134 745 2191; x_wconf 88' lang='lat' dir='ltr'><strong>et</strong></span> <span class='ocrx_word' id='word_1_68' title='bbox 761 2145 832 2191; x_wconf 87' lang='lat' dir='ltr'><strong>suae</strong></span> <span class='ocrx_word' id='word_1_69' title='bbox 855 2120 977 2218; x_wconf 80' lang='lat' dir='ltr'><strong>priscae</strong></span> <span class='ocrx_word' id='word_1_70' title='bbox 1001 2117 1160 2191; x_wconf 89' lang='lat' dir='ltr'><strong>redditus</strong></span> <span class='ocrx_word' id='word_1_71' title='bbox 1179 2117 1346 2191; x_wconf 87' lang='lat' dir='ltr'><strong>libertati.</strong></span> <span class='ocrx_word' id='word_1_72' title='bbox 1368 2123 1437 2222; x_wconf 88' lang='lat' dir='ltr'><strong>Lu-</strong></span> 
     </span>
     <span class='ocr_line' id='line_1_12' title="bbox 381 2233 1433 2334; baseline -0.001 -26"><span class='ocrx_word' id='word_1_73' title='bbox 381 2234 509 2308; x_wconf 92' lang='lat' dir='ltr'><strong>benter</strong></span> <span class='ocrx_word' id='word_1_74' title='bbox 535 2236 641 2334; x_wconf 82' lang='lat' dir='ltr'><strong>igitur</strong></span> <span class='ocrx_word' id='word_1_75' title='bbox 669 2236 816 2332; x_wconf 86' lang='lat' dir='ltr'><strong>hujusce</strong></span> <span class='ocrx_word' id='word_1_76' title='bbox 841 2259 933 2307; x_wconf 92' lang='lat' dir='ltr'><strong>onus</strong></span> <span class='ocrx_word' id='word_1_77' title='bbox 965 2233 1200 2332; x_wconf 84' lang='lat' dir='ltr'><strong>expeditionis</strong></span> <span class='ocrx_word' id='word_1_78' title='bbox 1233 2259 1433 2326; x_wconf 86' lang='lat' dir='ltr'><strong>assumens,</strong></span> 
     </span>
     <span class='ocr_line' id='line_1_13' title="bbox 382 2346 1438 2447; baseline 0 -26"><span class='ocrx_word' id='word_1_79' title='bbox 382 2349 585 2422; x_wconf 88' lang='lat' dir='ltr'><strong>transmisso</strong></span> <span class='ocrx_word' id='word_1_80' title='bbox 604 2349 693 2420; x_wconf 82' lang='lat' dir='ltr'><strong>freto</strong></span> <span class='ocrx_word' id='word_1_81' title='bbox 704 2374 788 2420; x_wconf 91' lang='lat' dir='ltr'><strong>cum</strong></span> <span class='ocrx_word' id='word_1_82' title='bbox 804 2348 976 2420; x_wconf 91' lang='lat' dir='ltr'><strong>instructa</strong></span> <span class='ocrx_word' id='word_1_83' title='bbox 989 2346 1117 2439; x_wconf 90' lang='lat' dir='ltr'><strong>classe,</strong></span> <span class='ocrx_word' id='word_1_84' title='bbox 1136 2347 1367 2444; x_wconf 83' lang='lat' dir='ltr'><strong>Burdegalarn</strong></span> <span class='ocrx_word' id='word_1_85' title='bbox 1377 2373 1438 2447; x_wconf 80' lang='lat' dir='ltr'><strong>ap</strong></span> 
     </span>
     <span class='ocr_line' id='line_1_14' title="bbox 381 2462 1438 2563; baseline -0.001 -27"><span class='ocrx_word' id='word_1_86' title='bbox 381 2464 515 2563; x_wconf 89' lang='lat' dir='ltr'><strong>plicuit.</strong></span> <span class='ocrx_word' id='word_1_87' title='bbox 547 2467 629 2551; x_wconf 86' lang='lat' dir='ltr'><strong>Quo</strong></span> <span class='ocrx_word' id='word_1_88' title='bbox 655 2487 738 2535; x_wconf 91' lang='lat' dir='ltr'><strong>cum</strong></span> <span class='ocrx_word' id='word_1_89' title='bbox 761 2462 970 2561; x_wconf 90' lang='lat' dir='ltr'><strong>appulisset,</strong></span> <span class='ocrx_word' id='word_1_90' title='bbox 1005 2463 1083 2534; x_wconf 88' lang='lat' dir='ltr'><strong>sine</strong></span> <span class='ocrx_word' id='word_1_91' title='bbox 1118 2483 1219 2534; x_wconf 82' lang='lat' dir='ltr'><strong>mora</strong></span> <span class='ocrx_word' id='word_1_92' title='bbox 1253 2462 1438 2535; x_wconf 89' lang='lat' dir='ltr'><strong>acivibus</strong></span> 
     </span>
     <span class='ocr_line' id='line_1_15' title="bbox 380 2560 1436 2676; baseline -0.003 -23"><span class='ocrx_word' id='word_1_93' title='bbox 380 2560 518 2653; x_wconf 69' lang='lat' dir='ltr'><strong>cunetis</strong></span> <span class='ocrx_word' id='word_1_94' title='bbox 538 2603 623 2650; x_wconf 89' lang='lat' dir='ltr'><strong>curn</strong></span> <span class='ocrx_word' id='word_1_95' title='bbox 640 2601 771 2673; x_wconf 86' lang='lat' dir='ltr'><strong>magno</strong></span> <span class='ocrx_word' id='word_1_96' title='bbox 791 2577 964 2676; x_wconf 85' lang='lat' dir='ltr'><strong>applausu</strong></span> <span class='ocrx_word' id='word_1_97' title='bbox 992 2592 1026 2650; x_wconf 92' lang='lat' dir='ltr'><strong>et</strong></span> <span class='ocrx_word' id='word_1_98' title='bbox 1055 2575 1233 2650; x_wconf 87' lang='lat' dir='ltr'><strong>alacritate</strong></span> <span class='ocrx_word' id='word_1_99' title='bbox 1252 2577 1289 2649; x_wconf 92' lang='lat' dir='ltr'><strong>in</strong></span> <span class='ocrx_word' id='word_1_100' title='bbox 1312 2575 1436 2650; x_wconf 91' lang='lat' dir='ltr'><strong>urbem</strong></span> 
     </span>
     <span class='ocr_line' id='line_1_16' title="bbox 380 2691 1437 2794; baseline -0.003 -27"><span class='ocrx_word' id='word_1_101' title='bbox 380 2709 548 2794; x_wconf 82' lang='lat' dir='ltr'><strong>exceptus</strong></span> <span class='ocrx_word' id='word_1_102' title='bbox 571 2707 637 2765; x_wconf 87' lang='lat' dir='ltr'><strong>est.</strong></span> <span class='ocrx_word' id='word_1_103' title='bbox 666 2697 708 2764; x_wconf 76' lang='lat' dir='ltr'><strong>t&#39;t</strong></span> <span class='ocrx_word' id='word_1_104' title='bbox 724 2692 856 2765; x_wconf 88' lang='lat' dir='ltr'><strong>nobilis</strong></span> <span class='ocrx_word' id='word_1_105' title='bbox 875 2692 928 2763; x_wconf 94' lang='lat' dir='ltr'><strong>vir</strong></span> <span class='ocrx_word' id='word_1_106' title='bbox 943 2699 1186 2790; x_wconf 80' lang='lat' dir='ltr'><strong>cognomento</strong></span> <span class='ocrx_word' id='word_1_107' title='bbox 1202 2691 1354 2779; x_wconf 85' lang='lat' dir='ltr'><strong>Cotivi¹,</strong></span> <span class='ocrx_word' id='word_1_108' title='bbox 1375 2693 1437 2790; x_wconf 92' lang='lat' dir='ltr'><strong>qui</strong></span> 
     </span>
     <span class='ocr_line' id='line_1_17' title="bbox 379 2798 1437 2909; baseline -0.002 -27"><span class='ocrx_word' id='word_1_109' title='bbox 379 2834 447 2909; x_wconf 92' lang='lat' dir='ltr'><strong>pro</strong></span> <span class='ocrx_word' id='word_1_110' title='bbox 482 2809 643 2884; x_wconf 86' lang='lat' dir='ltr'><strong>custodia</strong></span> <span class='ocrx_word' id='word_1_111' title='bbox 668 2798 819 2880; x_wconf 76' lang='lat' dir='ltr'><strong>civilatis</strong></span> <span class='ocrx_word' id='word_1_112' title='bbox 850 2832 933 2880; x_wconf 90' lang='lat' dir='ltr'><strong>cum</strong></span> <span class='ocrx_word' id='word_1_113' title='bbox 965 2823 1064 2885; x_wconf 90' lang='lat' dir='ltr'><strong>certo</strong></span> <span class='ocrx_word' id='word_1_114' title='bbox 1098 2806 1251 2879; x_wconf 91' lang='lat' dir='ltr'><strong>militum</strong></span> <span class='ocrx_word' id='word_1_115' title='bbox 1284 2825 1437 2880; x_wconf 90' lang='lat' dir='ltr'><strong>numero</strong></span> 
     </span>
     <span class='ocr_line' id='line_1_18' title="bbox 379 2920 1437 3022; baseline 0 -26"><span class='ocrx_word' id='word_1_116' title='bbox 379 2925 450 2996; x_wconf 94' lang='lat' dir='ltr'><strong>illic</strong></span> <span class='ocrx_word' id='word_1_117' title='bbox 464 2925 602 2997; x_wconf 73' lang='lat' dir='ltr'><strong>locatus</strong></span> <span class='ocrx_word' id='word_1_118' title='bbox 618 2922 752 3013; x_wconf 86' lang='lat' dir='ltr'><strong>iuerat,</strong></span> <span class='ocrx_word' id='word_1_119' title='bbox 780 2939 906 3022; x_wconf 85' lang='lat' dir='ltr'><strong>captus</strong></span> <span class='ocrx_word' id='word_1_120' title='bbox 926 2923 973 2994; x_wconf 92' lang='lat' dir='ltr'><strong>ab</strong></span> <span class='ocrx_word' id='word_1_121' title='bbox 999 2920 1120 3018; x_wconf 83' lang='lat' dir='ltr'><strong>llnglis</strong></span> <span class='ocrx_word' id='word_1_122' title='bbox 1143 2947 1227 2994; x_wconf 91' lang='lat' dir='ltr'><strong>cum</strong></span> <span class='ocrx_word' id='word_1_123' title='bbox 1252 2921 1437 2996; x_wconf 88' lang='lat' dir='ltr'><strong>nonnullis</strong></span> 
     </span>
     <span class='ocr_line' id='line_1_19' title="bbox 378 3037 1020 3136; baseline -0.005 -26"><span class='ocrx_word' id='word_1_124' title='bbox 378 3037 471 3132; x_wconf 87' lang='lat' dir='ltr'><strong>aliis,</strong></span> <span class='ocrx_word' id='word_1_125' title='bbox 492 3039 530 3110; x_wconf 95' lang='lat' dir='ltr'><strong>in</strong></span> <span class='ocrx_word' id='word_1_126' title='bbox 550 3037 709 3136; x_wconf 76' lang='lat' dir='ltr'><strong>Angliam</strong></span> <span class='ocrx_word' id='word_1_127' title='bbox 726 3039 857 3110; x_wconf 82' lang='lat' dir='ltr'><strong>exstitit</strong></span> <span class='ocrx_word' id='word_1_128' title='bbox 876 3037 1020 3111; x_wconf 73' lang='lat' dir='ltr'><strong>ductus,</strong></span> 
     </span>
    </p>

    <p class='ocr_par' dir='ltr' id='par_1_2' title="bbox 373 3153 1438 4408">
     <span class='ocr_line' id='line_1_20' title="bbox 427 3153 1438 3254; baseline 0.005 -28"><span class='ocrx_word' id='word_1_129' title='bbox 427 3158 613 3242; x_wconf 76' lang='lat' dir='ltr'><strong>Quacum</strong></span> <span class='ocrx_word' id='word_1_130' title='bbox 639 3156 687 3227; x_wconf 90' lang='lat' dir='ltr'><strong>ita</strong></span> <span class='ocrx_word' id='word_1_131' title='bbox 713 3155 750 3225; x_wconf 91' lang='lat' dir='ltr'><strong>in</strong></span> <span class='ocrx_word' id='word_1_132' title='bbox 778 3155 975 3250; x_wconf 82' lang='lat' dir='ltr'><strong>Burdegala</strong></span> <span class='ocrx_word' id='word_1_133' title='bbox 998 3169 1093 3252; x_wconf 81' lang='lat' dir='ltr'><strong>gesta</strong></span> <span class='ocrx_word' id='word_1_134' title='bbox 1119 3153 1287 3245; x_wconf 87' lang='lat' dir='ltr'><strong>fuissent,</strong></span> <span class='ocrx_word' id='word_1_135' title='bbox 1306 3158 1438 3254; x_wconf 87' lang='lat' dir='ltr'><strong>pariter</strong></span> 
     </span>
     <span class='ocr_line' id='line_1_21' title="bbox 378 3267 1435 3370; baseline 0.003 -27"><span class='ocrx_word' id='word_1_136' title='bbox 378 3271 486 3343; x_wconf 88' lang='lat' dir='ltr'><strong>etiam</strong></span> <span class='ocrx_word' id='word_1_137' title='bbox 498 3284 535 3341; x_wconf 87' lang='lat' dir='ltr'><strong>et</strong></span> <span class='ocrx_word' id='word_1_138' title='bbox 547 3268 622 3340; x_wconf 78' lang='lat' dir='ltr'><strong>aliae</strong></span> <span class='ocrx_word' id='word_1_139' title='bbox 633 3267 864 3367; x_wconf 88' lang='lat' dir='ltr'><strong>quamplures</strong></span> <span class='ocrx_word' id='word_1_140' title='bbox 876 3269 1035 3340; x_wconf 84' lang='lat' dir='ltr'><strong>civitates</strong></span> <span class='ocrx_word' id='word_1_141' title='bbox 1047 3282 1083 3339; x_wconf 91' lang='lat' dir='ltr'><strong>et</strong></span> <span class='ocrx_word' id='word_1_142' title='bbox 1092 3267 1240 3368; x_wconf 88' lang='lat' dir='ltr'><strong>oppida,</strong></span> <span class='ocrx_word' id='word_1_143' title='bbox 1254 3295 1332 3368; x_wconf 86' lang='lat' dir='ltr'><strong>quae</strong></span> <span class='ocrx_word' id='word_1_144' title='bbox 1346 3297 1435 3370; x_wconf 81' lang='lat' dir='ltr'><strong>prae·</strong></span> 
     </span>
     <span class='ocr_line' id='line_1_22' title="bbox 377 3383 1433 3480; baseline 0.003 -24"><span class='ocrx_word' id='word_1_145' title='bbox 377 3384 476 3457; x_wconf 89' lang='lat' dir='ltr'><strong>sidiis</strong></span> <span class='ocrx_word' id='word_1_146' title='bbox 501 3383 712 3456; x_wconf 82' lang='lat' dir='ltr'><strong>militaribus</strong></span> <span class='ocrx_word' id='word_1_147' title='bbox 736 3387 956 3454; x_wconf 86' lang='lat' dir='ltr'><strong>Francorum</strong></span> <span class='ocrx_word' id='word_1_148' title='bbox 975 3384 1120 3455; x_wconf 88' lang='lat' dir='ltr'><strong>minime</strong></span> <span class='ocrx_word' id='word_1_149' title='bbox 1146 3386 1291 3456; x_wconf 76' lang='lat' dir='ltr'><strong>munitae</strong></span> <span class='ocrx_word' id='word_1_150' title='bbox 1311 3402 1433 3480; x_wconf 90' lang='lat' dir='ltr'><strong>erant,</strong></span> 
     </span>
     <span class='ocr_line' id='line_1_23' title="bbox 378 3497 1436 3597; baseline 0.001 -24"><span class='ocrx_word' id='word_1_151' title='bbox 378 3501 511 3573; x_wconf 85' lang='lat' dir='ltr'><strong>lactum</strong></span> <span class='ocrx_word' id='word_1_152' title='bbox 543 3498 857 3597; x_wconf 78' lang='lat' dir='ltr'><strong>burdegalensium</strong></span> <span class='ocrx_word' id='word_1_153' title='bbox 877 3497 1028 3569; x_wconf 87' lang='lat' dir='ltr'><strong>libenter</strong></span> <span class='ocrx_word' id='word_1_154' title='bbox 1052 3497 1359 3597; x_wconf 83' lang='lat' dir='ltr'><strong>amplexabantur,</strong></span> <span class='ocrx_word' id='word_1_155' title='bbox 1385 3518 1436 3574; x_wconf 88' lang='lat' dir='ltr'><strong>at·</strong></span> 
     </span>
     <span class='ocr_line' id='line_1_24' title="bbox 376 3612 1430 3716; baseline 0 -28"><span class='ocrx_word' id='word_1_156' title='bbox 376 3639 448 3716; x_wconf 91' lang='lat' dir='ltr'><strong>que</strong></span> <span class='ocrx_word' id='word_1_157' title='bbox 464 3613 665 3687; x_wconf 87' lang='lat' dir='ltr'><strong>voluntarie</strong></span> <span class='ocrx_word' id='word_1_158' title='bbox 681 3637 720 3686; x_wconf 85' lang='lat' dir='ltr'><strong>se</strong></span> <span class='ocrx_word' id='word_1_159' title='bbox 737 3612 858 3685; x_wconf 90' lang='lat' dir='ltr'><strong>denuo</strong></span> <span class='ocrx_word' id='word_1_160' title='bbox 878 3612 1073 3711; x_wconf 67' lang='lat' dir='ltr'><strong>anglorum</strong></span> <span class='ocrx_word' id='word_1_161' title='bbox 1093 3614 1166 3712; x_wconf 86' lang='lat' dir='ltr'><strong>regi</strong></span> <span class='ocrx_word' id='word_1_162' title='bbox 1195 3613 1430 3688; x_wconf 91' lang='lat' dir='ltr'><strong>tradiderunt.</strong></span> 
     </span>
     <span class='ocr_line' id='line_1_25' title="bbox 377 3723 1430 3831; baseline 0.001 -28"><span class='ocrx_word' id='word_1_163' title='bbox 377 3735 524 3804; x_wconf 82' lang='lat' dir='ltr'><strong>Retenta</strong></span> <span class='ocrx_word' id='word_1_164' title='bbox 539 3743 623 3800; x_wconf 91' lang='lat' dir='ltr'><strong>sunt</strong></span> <span class='ocrx_word' id='word_1_165' title='bbox 637 3744 756 3801; x_wconf 90' lang='lat' dir='ltr'><strong>tamen</strong></span> <span class='ocrx_word' id='word_1_166' title='bbox 773 3753 794 3802; x_wconf 88' lang='lat' dir='ltr'><strong>a</strong></span> <span class='ocrx_word' id='word_1_167' title='bbox 810 3732 954 3802; x_wconf 86' lang='lat' dir='ltr'><strong>Francis</strong></span> <span class='ocrx_word' id='word_1_168' title='bbox 969 3733 1086 3801; x_wconf 81' lang='lat' dir='ltr'><strong>Boura</strong></span> <span class='ocrx_word' id='word_1_169' title='bbox 1107 3745 1142 3802; x_wconf 90' lang='lat' dir='ltr'><strong>et</strong></span> <span class='ocrx_word' id='word_1_170' title='bbox 1157 3723 1271 3828; x_wconf 81' lang='lat' dir='ltr'><strong>Blaye</strong></span> <span class='ocrx_word' id='word_1_171' title='bbox 1284 3731 1430 3831; x_wconf 87' lang='lat' dir='ltr'><strong>oppida,</strong></span> 
     </span>
     <span class='ocr_line' id='line_1_26' title="bbox 375 3833 1432 3947; baseline 0.002 -28"><span class='ocrx_word' id='word_1_172' title='bbox 375 3872 457 3919; x_wconf 90' lang='lat' dir='ltr'><strong>cum</strong></span> <span class='ocrx_word' id='word_1_173' title='bbox 483 3844 667 3919; x_wconf 90' lang='lat' dir='ltr'><strong>nonnullis</strong></span> <span class='ocrx_word' id='word_1_174' title='bbox 693 3845 836 3946; x_wconf 88' lang='lat' dir='ltr'><strong>oppidis</strong></span> <span class='ocrx_word' id='word_1_175' title='bbox 860 3864 896 3919; x_wconf 87' lang='lat' dir='ltr'><strong>et</strong></span> <span class='ocrx_word' id='word_1_176' title='bbox 921 3833 1088 3938; x_wconf 78' lang='lat' dir='ltr'><strong>castellis,</strong></span> <span class='ocrx_word' id='word_1_177' title='bbox 1123 3847 1160 3916; x_wconf 95' lang='lat' dir='ltr'><strong>in</strong></span> <span class='ocrx_word' id='word_1_178' title='bbox 1188 3845 1335 3944; x_wconf 89' lang='lat' dir='ltr'><strong>quibus,</strong></span> <span class='ocrx_word' id='word_1_179' title='bbox 1365 3873 1432 3947; x_wconf 89' lang='lat' dir='ltr'><strong>pro</strong></span> 
     </span>
     <span class='ocr_line' id='line_1_27' title="bbox 377 3949 1433 4062; baseline 0.003 -30"><span class='ocrx_word' id='word_1_180' title='bbox 377 3965 484 4036; x_wconf 88' lang='lat' dir='ltr'><strong>tutela</strong></span> <span class='ocrx_word' id='word_1_181' title='bbox 514 3949 655 4062; x_wconf 78' lang='lat' dir='ltr'><strong>patriae,</strong></span> <span class='ocrx_word' id='word_1_182' title='bbox 688 3962 858 4035; x_wconf 84' lang='lat' dir='ltr'><strong>eustodiae</strong></span> <span class='ocrx_word' id='word_1_183' title='bbox 890 3963 1042 4035; x_wconf 91' lang='lat' dir='ltr'><strong>militum</strong></span> <span class='ocrx_word' id='word_1_184' title='bbox 1076 3961 1265 4036; x_wconf 83' lang='lat' dir='ltr'><strong>validiores</strong></span> <span class='ocrx_word' id='word_1_185' title='bbox 1294 3963 1433 4036; x_wconf 80' lang='lat' dir='ltr'><strong>fuerant</strong></span> 
     </span>
     <span class='ocr_line' id='line_1_28' title="bbox 375 4059 1432 4175; baseline 0.003 -26"><span class='ocrx_word' id='word_1_186' title='bbox 375 4078 555 4152; x_wconf 70' lang='lat' dir='ltr'><strong>collocatae</strong></span> <span class='ocrx_word' id='word_1_187' title='bbox 572 4109 581 4151; x_wconf 73' lang='grc' dir='ltr'><strong><em>ι</em></strong></span> <span class='ocrx_word' id='word_1_188' title='bbox 601 4077 764 4152; x_wconf 92' lang='lat' dir='ltr'><strong>nondum</strong></span> <span class='ocrx_word' id='word_1_189' title='bbox 786 4081 883 4152; x_wconf 92' lang='lat' dir='ltr'><strong>enim</strong></span> <span class='ocrx_word' id='word_1_190' title='bbox 900 4079 1098 4152; x_wconf 87' lang='lat' dir='ltr'><strong>incolarum</strong></span> <span class='ocrx_word' id='word_1_191' title='bbox 1116 4059 1237 4175; x_wconf 76' lang='lat' dir='ltr'><strong>patriae</strong></span> <span class='ocrx_word' id='word_1_192' title='bbox 1254 4080 1303 4153; x_wconf 85' lang='lat' dir='ltr'><strong>ita</strong></span> <span class='ocrx_word' id='word_1_193' title='bbox 1322 4078 1432 4152; x_wconf 84' lang='lat' dir='ltr'><strong>fidem</strong></span> 
     </span>
     <span class='ocr_line' id='line_1_29' title="bbox 375 4193 1432 4294; baseline 0.006 -32"><span class='ocrx_word' id='word_1_194' title='bbox 375 4195 498 4265; x_wconf 86' lang='lat' dir='ltr'><strong>Franci</strong></span> <span class='ocrx_word' id='word_1_195' title='bbox 517 4193 811 4293; x_wconf 90' lang='lat' dir='ltr'><strong>insequebantur,</strong></span> <span class='ocrx_word' id='word_1_196' title='bbox 827 4195 929 4294; x_wconf 90' lang='lat' dir='ltr'><strong>quod</strong></span> <span class='ocrx_word' id='word_1_197' title='bbox 945 4195 1013 4266; x_wconf 92' lang='lat' dir='ltr'><strong>sub</strong></span> <span class='ocrx_word' id='word_1_198' title='bbox 1030 4220 1068 4267; x_wconf 89' lang='lat' dir='ltr'><strong>ea</strong></span> <span class='ocrx_word' id='word_1_199' title='bbox 1087 4196 1197 4266; x_wconf 87' lang='lat' dir='ltr'><strong>totius</strong></span> <span class='ocrx_word' id='word_1_200' title='bbox 1211 4195 1332 4294; x_wconf 80' lang='lat' dir='ltr'><strong>patriae</strong></span> <span class='ocrx_word' id='word_1_201' title='bbox 1344 4210 1432 4268; x_wconf 84' lang='lat' dir='ltr'><strong>tute·</strong></span> 
     </span>
     <span class='ocr_line' id='line_1_30' title="bbox 373 4307 941 4408; baseline 0.005 -30"><span class='ocrx_word' id='word_1_202' title='bbox 373 4307 445 4380; x_wconf 89' lang='lat' dir='ltr'><strong>lam</strong></span> <span class='ocrx_word' id='word_1_203' title='bbox 462 4310 734 4408; x_wconf 88' lang='lat' dir='ltr'><strong>relinquendam</strong></span> <span class='ocrx_word' id='word_1_204' title='bbox 747 4310 941 4384; x_wconf 82' lang='lat' dir='ltr'><strong>duxissent.</strong></span> 
     </span>
    </p>

    <p class='ocr_par' dir='ltr' id='par_1_3' title="bbox 423 4411 1436 4522">
     <span class='ocr_line' id='line_1_31' title="bbox 423 4411 1436 4522; baseline 0.006 -28"><span class='ocrx_word' id='word_1_205' title='bbox 423 4427 512 4495; x_wconf 84' lang='lat' dir='ltr'><strong>Cum</strong></span> <span class='ocrx_word' id='word_1_206' title='bbox 541 4439 662 4496; x_wconf 86' lang='lat' dir='ltr'><strong>autem</strong></span> <span class='ocrx_word' id='word_1_207' title='bbox 694 4411 903 4522; x_wconf 86' lang='lat' dir='ltr'><strong>hujusmodi</strong></span> <span class='ocrx_word' id='word_1_208' title='bbox 936 4427 1169 4500; x_wconf 86' lang='lat' dir='ltr'><strong>revolutionis</strong></span> <span class='ocrx_word' id='word_1_209' title='bbox 1193 4443 1236 4500; x_wconf 80' lang='lat' dir='ltr'><strong>et</strong></span> <span class='ocrx_word' id='word_1_210' title='bbox 1269 4429 1436 4500; x_wconf 85' lang='lat' dir='ltr'><strong>novitatis</strong></span> 
     </span>
    </p>
   </div>
   <div class='ocr_carea' id='block_1_2' title="bbox 414 4629 1134 4720">
    <p class='ocr_par' dir='ltr' id='par_1_4' title="bbox 414 4629 1134 4720">
     <span class='ocr_line' id='line_1_32' title="bbox 414 4629 1134 4720; baseline 0.007 -22"><span class='ocrx_word' id='word_1_211' title='bbox 414 4643 444 4698; x_wconf 86' lang='lat' dir='ltr'><strong>l.</strong></span> <span class='ocrx_word' id='word_1_212' title='bbox 465 4639 577 4698; x_wconf 79' lang='lat' dir='ltr'><strong>olivier</strong></span> <span class='ocrx_word' id='word_1_213' title='bbox 589 4637 626 4698; x_wconf 85' lang='lat' dir='ltr'><strong>de</strong></span> <span class='ocrx_word' id='word_1_214' title='bbox 636 4638 769 4715; x_wconf 65' lang='lat' dir='ltr'><strong>Coetivy,</strong></span> <span class='ocrx_word' id='word_1_215' title='bbox 785 4637 918 4700; x_wconf 71' lang='lat' dir='ltr'><strong>senecbal</strong></span> <span class='ocrx_word' id='word_1_216' title='bbox 932 4629 969 4699; x_wconf 82' lang='lat' dir='ltr'><strong>de</strong></span> <span class='ocrx_word' id='word_1_217' title='bbox 983 4644 1134 4720; x_wconf 80' lang='lat' dir='ltr'><strong>Guyenne.</strong></span> 
     </span>
    </p>
   </div>
   <div class='ocr_carea' id='block_1_3' title="bbox 0 0 1950 5892">
    <p class='ocr_par' dir='ltr' id='par_1_5' title="bbox 0 0 1950 5892">
     <span class='ocr_line' id='line_1_33' title="bbox 0 0 1950 5892; baseline 0 2"><span class='ocrx_word' id='word_1_218' title='bbox 0 0 1950 5892; x_wconf 95' lang='lat' dir='ltr'><strong> </strong></span> 
     </span>
    </p>
   </div>
  </div>
 </body>
</html>
