3892 5892
520 903 579 962 200
805 901 1059 970 mmmmm
1078 899 1214 960 cenom
1232 901 1286 960 VH

519 1022 768 1116 exitio,sitam
781 1022 919 1094 munita
931 1035 1046 1098 castra
1057 1025 1275 1094 Francorum
1285 1035 1420 1095 temere
1430 1021 1576 1120 aggredi

519 1137 726 1210 destinaret.
755 1134 1021 1235 Exspectandos
1054 1159 1129 1210 esse
1155 1161 1240 1210 suos
1262 1135 1398 1236 pedites
1420 1161 1576 1234 suasque

521 1250 701 1322 machinas
719 1249 911 1336 suadebat,
932 1246 1063 1346 quibus
1085 1249 1122 1320 in
1142 1274 1256 1321 unum
1280 1275 1401 1330 secum
1417 1251 1572 1340 coactis,

519 1371 576 1441 vei
592 1369 778 1459 consulto,
797 1392 872 1438 nou
891 1381 1090 1464 praerupte,
1108 1365 1228 1453 hostes
1244 1366 1492 1466 aggrederetur
1512 1391 1575 1440 ex·

522 1505 704 1580 pugnare,
732 1481 787 1552 vel
820 1480 954 1576 inquo
981 1479 1100 1552 minus
1121 1478 1280 1552 futurum
1308 1495 1400 1554 esset
1426 1480 1577 1579 periculi

521 1613 635 1670 castra
663 1619 775 1694 prope
797 1593 989 1680 metando,
1021 1617 1104 1684 eos,
1126 1594 1227 1666 tamis
1252 1595 1371 1670 inedia
1398 1610 1435 1668 et
1453 1619 1576 1668 rerum

523 1710 801 1783 necessariarum
825 1708 975 1806 penuria
1001 1721 1171 1796 arctatos,
1193 1724 1255 1781 aut
1279 1734 1316 1782 se
1342 1708 1494 1802 dedere,
1513 1723 1577 1785 aut

522 1850 586 1898 eos
608 1824 776 1920 congredi
805 1838 882 1894 ete
906 1824 1030 1894 castris
1050 1824 1123 1895 suis
1145 1847 1354 1924 erumpere,
1377 1825 1433 1897 rel
1456 1825 1576 1923 sugam

523 1939 683 2035 accipere
716 1935 994 2034 compellerent;
1029 1961 1103 2010 non
1139 1960 1215 2010 esse
1243 1937 1312 2023 sibi
1348 1924 1577 2014 metuendam

501 2075 676 2149 ‘annona‘
695 2048 949 2138 defectionem,
977 2073 1059 2126 cum
1087 2051 1200 2150 patria
1223 2067 1297 2128 tota
1318 2053 1403 2152 ipsis
1422 2052 1574 2144 faveret,

523 2191 647 2240 exesos
676 2189 763 2239 vero
798 2167 896 2239 velut
926 2189 1037 2238 saevos
1068 2166 1188 2238 hostes
1220 2165 1369 2240 baberet
1400 2172 1574 2258 Francos,

523 2273 617 2380 quos
646 2292 857 2378 propterea,
890 2277 1048 2350 decursis
1072 2277 1198 2358 diebus
1225 2281 1463 2378 paucissimis,
1492 2304 1578 2354 cum

524 2393 622 2466 nulia
649 2416 794 2467 annona
822 2393 868 2464 ad
892 2417 953 2465 eos
979 2391 1108 2466 deferri
1142 2409 1282 2492 posset,
1316 2419 1459 2468 necesse
1487 2395 1579 2466 soret

525 2511 618 2584 saure
650 2523 686 2582 et
715 2510 864 2608 penuria
893 2507 1077 2598 laborare,
1111 2523 1146 2579 et
1176 2532 1239 2606 per
1269 2508 1340 2581 hoc
1373 2523 1434 2582 aut
1458 2510 1578 2606 fugam

524 2649 652 2724 capere
672 2638 752 2707 aut,
772 2623 891 2695 relicta
917 2623 1113 2718 munitione
1138 2637 1358 2712 castrorum,
1386 2625 1422 2696 in
1444 2648 1505 2697 eos
1523 2626 1578 2697 in·

527 2740 635 2812 sitire.
1228 2801 1232 2808 ,
1392 2767 1396 2774 ·
1485 2809 1488 2824 Ι
1606 2789 1611 2798 .

574 2850 715 2923 Talibus
741 2850 904 2950 praefatus
926 2849 1103 2942 Thomas,
1129 2851 1293 2948 signifer,
1324 2852 1519 2951 prudenter
1543 2867 1582 2926 et

526 2966 703 3062 sapienter
722 2963 808 3036 dicti
824 2963 961 3036 domini
978 2962 1024 3036 de
1050 2963 1196 3040 talebot
1215 2967 1450 3039 temeritatem
1468 2990 1580 3040 oona·

525 3077 631 3152 batur
653 3093 826 3152 avertere.
843 3082 977 3151 Verum
1003 3077 1099 3152 idem
1121 3078 1284 3168 Talebot,
1296 3081 1363 3178 qui
1380 3081 1527 3155 audacia
1543 3095 1582 3154 et

527 3193 726 3267 inconsulta
745 3194 960 3286 temeritate,
979 3194 1221 3298 potiusquam
1237 3195 1460 3284 fortitudine,
1479 3221 1580 3296 paene

527 3334 668 3408 semper
681 3310 718 3382 in
736 3309 857 3382 hostes
872 3309 1007 3382 irruere
1028 3325 1063 3382 et
1091 3309 1240 3384 sundere
1256 3335 1319 3384 eos
1346 3327 1453 3410 atque
1469 3315 1505 3384 in
1522 3313 1577 3384 su-

527 3450 607 3522 gam
624 3449 728 3520 agere
744 3439 1001 3515 consueverat,
1019 3425 1222 3496 existimans
1243 3426 1349 3498 etiam
1368 3441 1454 3497 tunc
1472 3431 1580 3498 Fran-

526 3565 608 3628 cos,
627 3543 681 3612 sui
698 3539 855 3612 nominis
871 3541 1056 3636 praesentia
1074 3541 1282 3624 deterritos,
1303 3542 1421 3638 potius
1436 3541 1482 3613 de
1499 3541 1581 3638 iuga

527 3653 697 3754 quamde
713 3652 920 3726 defensione
940 3653 1109 3750 cogitare,
1134 3652 1251 3725 eidem
1266 3652 1409 3728 Tbomae
1428 3655 1581 3754 impera-

529 3772 578 3840 vit
601 3769 701 3866 quod
717 3769 833 3866 signa,
852 3793 932 3866 quae
948 3766 1099 3858 ferebat,
1118 3768 1165 3840 ad
1183 3768 1315 3840 vallum
1336 3793 1448 3867 usque
1470 3769 1580 3843 hosti·

526 3885 616 3958 lium
635 3898 833 3956 castrorum
853 3883 1082 3981 importaret,
1109 3881 1226 3954 eidem
1250 3869 1583 3983 improperans'cnr

529 4012 623 4091 tum,
639 4011 768 4098 praeter
789 3997 959 4086 solitum,
976 3996 1202 4070 meticulosus
1219 4011 1327 4096 atque
1342 3997 1492 4096 paridam
1507 4023 1583 4072 esse

529 4113 719 4185 videretur.
741 4116 918 4209 Praecepto
934 4124 1055 4182 autem
1066 4110 1166 4182 ducis
1180 4135 1254 4184 non
1267 4113 1421 4208 segniter
1431 4136 1580 4210 parens,

527 4227 630 4325 quod
645 4229 859 4339 imperatur,
888 4225 966 4298 sine
988 4249 1090 4298 mora
1119 4235 1172 4300 est
1194 4241 1396 4324 exsecutum
1422 4227 1522 4324 quod
1548 4241 1583 4299 et

527 4346 643 4416 caeteri
660 4344 788 4417 milites
802 4367 878 4416 non
892 4341 1109 4416 dissimiliter
1127 4343 1296 4416 iecerunt.
1318 4343 1505 4418 Venientes
1520 4341 1585 4438 igi-

530 4474 587 4532 tur
595 4459 643 4532 ad
655 4460 773 4557 ipsum
784 4459 930 4548 vallum,
943 4458 981 4530 in
996 4459 1095 4558 palos
1106 4473 1142 4532 et
1154 4473 1353 4532 castrorum
1363 4461 1583 4532 munimenta

529 4573 702 4673 impetum
727 4574 909 4666 iacientes,
932 4574 1159 4650 enitebantur
1180 4599 1242 4648 eos
1266 4575 1440 4650 transilire
1464 4588 1500 4646 et
1519 4597 1582 4670 co·
