3892 5892
782 970 893 1029 menn
913 967 1078 1031 TER'l'mS.
1394 973 1453 1033 tot

392 1086 521 1165 furoris
539 1087 638 1166 rabie
656 1092 847 1167 irruerunt.
869 1094 941 1183 Qui
963 1120 1048 1167 cum
1064 1092 1112 1168 ad
1127 1092 1230 1169 illum
1246 1118 1372 1169 eorum
1397 1096 1453 1169 in·

391 1221 572 1307 speratum
583 1222 691 1307 atque
706 1208 1042 1309 impraemeditatum
1054 1235 1244 1283 occursum
1260 1210 1453 1285 vehemen-

391 1340 445 1397 ter
459 1328 615 1400 exterriti
631 1341 766 1418 essent,
782 1352 849 1400 nec
865 1328 971 1401 aliam
989 1327 1238 1407 defensionem
1255 1328 1323 1400 nisi
1338 1327 1454 1401 solam

392 1442 520 1540 fugam
531 1458 777 1544 opponerent,
804 1446 902 1517 velut
917 1470 1049 1545 pecora
1067 1444 1258 1518 occisionis
1272 1444 1453 1517 immanis·

391 1557 480 1629 sime
497 1558 576 1629 caesi
587 1573 624 1631 et
638 1555 783 1631 lacerati
799 1576 894 1632 sunt.
911 1559 1005 1633 Villa
1017 1560 1053 1632 in
1067 1560 1169 1656 cujus
1180 1560 1273 1657 agris
1285 1584 1328 1635 ea
1340 1559 1455 1635 caedes

391 1673 547 1746 nefanda
563 1688 701 1774 patrata
727 1674 813 1765 tuit,
833 1676 940 1773 vulgo
965 1675 1165 1777 appellatur
1183 1677 1334 1775 Viques¹
1351 1702 1360 1746 ε
1377 1700 1453 1774 quo

390 1788 473 1861 loco
496 1790 574 1861 caesi
597 1804 680 1863 sunt
706 1813 874 1889 agrorum
895 1792 1050 1864 cultores
1071 1816 1178 1892 supra
1203 1790 1300 1864 mille
1324 1806 1362 1863 et
1383 1804 1453 1863 tre·

391 1922 498 1979 centr.

440 2027 528 2111 Quae
544 2036 676 2120 strages
691 2037 728 2096 et
744 2046 871 2097 omnes
887 2038 990 2097 terrae
1008 2022 1146 2097 incolas
1165 2049 1297 2123 magno
1320 2045 1455 2123 pavore

392 2140 532 2225 affecit,
551 2154 606 2231 et,
629 2154 667 2212 ut
688 2164 764 2213 non
782 2154 915 2214 temere
937 2155 1000 2214 aut
1015 2141 1143 2215 leviter
1165 2166 1204 2214 se
1220 2166 1288 2239 pro
1305 2138 1454 2238 quibus·

392 2280 464 2353 que
480 2256 618 2351 injuriis
635 2254 750 2328 ultum
767 2270 975 2354 pergerent,
998 2256 1176 2328 cautiores
1196 2254 1302 2329 reddi
1322 2255 1451 2350 coegit.

392 2356 482 2444 Cum
498 2384 618 2444 autem
634 2386 708 2443 tam
724 2370 908 2444 horrenda
924 2371 1031 2445 caedis
1046 2370 1191 2471 querela
1206 2371 1317 2443 totius
1333 2370 1456 2469 patriae

393 2485 569 2557 clamores
585 2482 632 2557 ad
649 2483 861 2558 Bethsordiae
872 2484 1002 2557 ducem
1020 2484 1281 2583 pervenissent,
1297 2485 1361 2582 qui
1377 2498 1455 2555 tum

392 2598 510 2673 adhuc
521 2598 735 2673 inhumanis
746 2598 891 2697 agebat,
903 2597 1058 2698 querelis
1071 2600 1237 2673 omnium
1253 2598 1455 2697 provincia·

392 2712 480 2787 lium
508 2712 677 2787 simulet
710 2714 790 2787 sacti
817 2715 1004 2789 atrocitate
1033 2728 1239 2814 permotus,
1270 2712 1456 2813 prefatum

394 2828 568 2908 Venables
581 2854 666 2903 cum
679 2828 750 2904 alio
764 2828 924 2929 quodam
936 2830 1128 2905 saevimimo
1142 2830 1311 2922 homine,
1324 2852 1457 2927 cogno·

392 2971 515 3029 mento
528 2962 561 3028 V
561 2956 769 3045 uatertom,
784 2956 865 3055 oapi
878 2952 970 3028 etad
982 2981 1021 3029 se
1036 2954 1301 3050 Rothomagum
1314 2954 1457 3027 vinctos

392 3072 523 3146 adduci
537 3074 662 3170 jussit,
685 3074 750 3147 ubi
775 3098 858 3165 eos,
879 3098 947 3173 pro
965 3098 1033 3145 suo
1055 3074 1307 3147 cruentissimo
1323 3071 1457 3145 sceiere

393 3185 603 3279 damnatos,
631 3212 695 3287 per
719 3188 853 3287 plateas
879 3188 1032 3260 civitatis
1053 3186 1100 3259 ad
1118 3187 1252 3260 caudas
1275 3212 1456 3285 equorum

393 3316 590 3401 pertractos
608 3300 785 3402 supplicio
809 3300 958 3373 affecit'.
978 3300 1050 3373 Sed
1067 3325 1143 3374 non
1162 3316 1351 3401 propterea
1371 3326 1457 3401 pro·

393 3416 597 3490 vincialium
614 3418 841 3491 Normanniae
859 3417 989 3489 animis
1005 3415 1171 3489 satisfieri
1186 3416 1362 3490 creditum
1378 3429 1452 3505 est,

392 3556 461 3630 pro
488 3531 629 3605 sceleris
658 3530 926 3630 magnitudine;
952 3556 1020 3603 nec
1043 3544 1237 3631 propterea
1251 3530 1360 3603 etiam
1384 3554 1457 3603 ces·

393 3665 518 3722 sarunt
542 3650 644 3748 impii
661 3648 859 3746 Anglorum
875 3646 1064 3748 praedones
1080 3662 1190 3747 atque
1205 3645 1469 3719 immanissimi¹

393 3763 576 3839 carnifices
589 3764 626 3836 in
642 3764 738 3863 ipsos
755 3764 877 3837 saevire
898 3776 950 3859 et,
971 3759 1075 3847 ut‚ad
1090 3760 1316 3836 manifestam
1340 3782 1455 3859 usque

432 3990 462 4047 t.
479 3988 615 4068 Vicques,
630 3984 817 4064 aujourd'hui
833 3984 903 4046 dans
915 3984 1183 4047 Parmndissement
1198 3984 1235 4046 de
1249 3982 1360 4045 Fataise
1373 3982 1456 4060 (Cri-

394 4077 506 4151 vados).
1426 4074 1433 4087 '

433 4170 465 4230 2.
479 4166 645 4229 Waterhoo.

435 4260 465 4315 3.
486 4280 498 4309 ι
515 4256 598 4316 Ledit
610 4256 754 4319 Venables
768 4258 811 4318 tut
827 4256 929 4337 depuis
942 4258 1024 4335 prins
1037 4256 1148 4336 parles
1168 4248 1289 4335 Anglois
1301 4272 1454 4315 cnr-mes·

394 4366 467 4419 mes,
479 4344 604 4423 tesquetz
612 4366 688 4426 pour
697 4348 851 4407 anciennes
865 4346 1098 4407 ddsobe'issances
1109 4345 1180 4424 qu'il
1192 4343 1271 4405 aroit
1282 4345 1392 4415 foetes,
1403 4344 1456 4423 luy

395 4434 481 4495 trent
495 4454 584 4513 cuper
600 4435 627 4495 ta
649 4450 720 4496 teste
743 4458 802 4497 :ce
817 4436 868 4515 qni
892 4436 989 4496 arrivs
1006 4434 1248 4517 principatement
1270 4454 1325 4514 par
1346 4452 1454 4513 curre,

395 4543 471 4604 pour
483 4544 516 4583 ce
526 4523 615 4603 qu’ila
627 4525 656 4584 le
672 4526 797 4606 veoyent
810 4539 894 4607 grant
907 4538 1117 4606 entrepreneur
1129 4545 1166 4585 en
1177 4524 1207 4585 la
1217 4522 1369 4585 condnicte
1381 4521 1457 4583 dela

395 4632 510 4694 guerre.
531 4638 544 4667 ι
563 4614 652 4685 (leun
668 4612 1234 4693 ααντιὶν,ι1ιιιεῦοάεῐωγ.ρ.68.)ῐοί
1249 4612 1278 4673 la
1289 4612 1405 4675 version
1418 4610 1456 4671 de

396 4703 482 4765 Rasin
493 4716 536 4765 est
548 4702 755 4765 certainement
762 4702 933 4783 preferable.
