3892 5892
512 900 570 959 tte
797 897 1055 959 msromanuu
1070 894 1209 961 'motu
1228 898 1281 957 vu

514 1039 613 1097 retur
622 1029 644 1095 ¹.
670 1023 872 1097 Pertiuehat
901 1023 999 1097 enim
1024 1023 1213 1095 comitatus
1228 1020 1511 1127 Cenomanniae,
1526 1042 1571 1097 et

512 1152 663 1239 paterna
697 1138 948 1230 successione,
987 1138 1137 1211 domino
1175 1136 1304 1211 Carolo
1337 1135 1544 1235 Andegariae
1556 1192 1569 1233 ,

514 1254 614 1327 fratri
629 1255 720 1352 regis
736 1255 860 1337 Siciliae
876 1256 1015 1347 Renati,
1033 1252 1079 1327 de
1095 1278 1170 1351 quo
1185 1277 1294 1353 supra
1310 1254 1456 1357 fecimus
1471 1274 1573 1337 men·

515 1370 663 1449 tionem.
696 1376 872 1445 [sautem
898 1367 1049 1442 Carolus
1076 1370 1169 1441 inter
1194 1355 1320 1443 omnes
1343 1368 1477 1445 aulicos
1498 1370 1572 1469 regi

516 1484 660 1558 charior
675 1500 783 1584 atque
798 1485 997 1584 proximior
1009 1483 1221 1557 habebatur.

566 1605 654 1690 Quae
671 1600 831 1675 conditio
847 1602 914 1673 etsi
932 1600 1089 1701 perdura
1110 1603 1297 1700 gravisque
1314 1601 1508 1701 plurimum
1518 1598 1572 1673 *ab

520 1715 672 1811 Anglicis
701 1716 904 1805 duceretur,
929 1740 1010 1790 eam
1030 1730 1171 1806 umen,
1197 1731 1238 1789 ut
1262 1718 1442 1817 praesentis
1468 1730 1574 1815 atque

518 1832 739 1905 imminentis
755 1832 925 1933 periculi,
943 1835 974 1906 si
990 1832 1038 1905 ad
1055 1810 1220 1931 'guerram
1235 1832 1422 1925 rediretur,
1444 1832 1574 1906 damna

520 1948 716 2043 effugerent
730 1946 786 2020 vel
802 1947 987 2022 differrent
996 2003 1007 2040 ,
1026 1946 1216 2047 amplexati
1227 1962 1330 2039 suut,
1349 1961 1385 2021 et
1400 1947 1574 2019 civitatem

520 2062 910 2162 praedictaminmauus
921 2064 1012 2162 regis
1023 2062 1494 2163 reponereiuiralimitatum
1503 2087 1575 2136 cer·

521 2193 671 2277 tumque
682 2178 780 2254 diem
792 2182 1045 2281 promiserunt.
1056 2180 1415 2279 Cujuspromissionis
1422 2202 1506 2253 cum
1514 2180 1577 2251 im·

521 2294 1577 2395 plementumminimesubsecutumsuisset,etreluctarentur

522 2412 652 2485 milites
670 2412 774 2510 Angli
789 2428 825 2486 et
840 2414 1065 2511 capitaneus,
1083 2412 1146 2511 qui
1161 2437 1228 2512 pro
1242 2411 1405 2515 custodia
1417 2410 1576 2508 ejusdem

522 2528 594 2601 illic
620 2530 760 2603 fuerant
781 2528 962 2622 collocati,
979 2529 1034 2602 “ad
1060 2528 1172 2627 ipsam
1193 2528 1229 2599 vi
1252 2541 1289 2600 ct
1303 2530 1409 2601 armis
1429 2552 1578 2629 recupe-

522 2644 675 2717 randam
696 2650 914 2717 Francorum
929 2669 1011 2737 rex,
1031 2642 1160 2715 effluxo
1176 2658 1309 2717 statuto
1325 2658 1486 2743 tempore
1505 2667 1578 2740 quo

524 2760 628 2834 reddi
637 2762 737 2858 juxta
752 2761 964 2860 promissam
982 2758 1091 2832 fidem
1106 2759 1292 2853 debuerat,
1302 2784 1407 2832 suum
1421 2759 1581 2833 admovit

525 2876 745 2966 exercitum,
774 2899 924 2972 eamque
943 2873 1061 2946 valida
1087 2873 1274 2948 obsidione
1298 2876 1470 2950 vailavit’.
1489 2881 1579 2949 Cum

525 3003 645 3063 autem
669 2987 833 3061 viderent
856 2988 982 3085 angli,
1010 2988 1145 3061 viribus
1172 2991 1276 3066 valde
1296 3007 1383 3067 tunc
1400 2994 1576 3093 impares,

526 3103 678 3177 obsessis
697 3104 869 3176 auxilium
879 3104 1027 3177 minime
1040 3130 1082 3177 se
1096 3130 1200 3205 posse
1215 3122 1394 3206 praestare,
1413 3132 1506 3201 eam,
1524 3109 1581 3179 iu-

527 3223 589 3293 viti
603 3221 698 3313 licet,
713 3222 777 3295 sed
790 3236 827 3294 et
841 3224 969 3315 coacti,
981 3222 1130 3297 reddere
1145 3222 1403 3298 consenserunt
1411 3226 1442 3317 ',
1452 3240 1582 3323 treugae

527 3336 760 3411 nihilominus
775 3338 880 3411 factae'
888 3340 1141 3445 prorogatione
1156 3340 1318 3415 durante.

569 3603 598 3659 i.
625 3625 638 3651 ι
650 3602 691 3658 Le
709 3619 763 3678 roy
781 3598 991 3681 d'Angleterrc,
1014 3620 1069 3679 par
1086 3600 1115 3661 ie
1134 3600 1245 3660 traictie
1263 3599 1300 3659 de
1319 3618 1373 3659 son
1389 3597 1515 3681 mariage
1532 3594 1582 3657 fait

529 3701 611 3748 entre
626 3688 676 3766 luy
692 3699 721 3747 et
732 3688 761 3747 ia
772 3688 831 3747 fitte
847 3689 885 3747 du
902 3708 955 3766 roy
968 3687 1005 3749 de
1019 3687 1142 3761 Seciiie,
1162 3686 1242 3747 auoit
1261 3686 1388 3765 promis,
1407 3686 1583 3745 incontinent

529 3784 615 3858 apres
631 3778 702 3837 iedit
717 3777 862 3857 mariage,
875 3776 981 3836 rendre
997 3776 1025 3835 ln
1038 3776 1107 3835 ville
1121 3776 1161 3836 du
1173 3780 1255 3835 Mans
1271 3788 1300 3834 ct
1317 3775 1359 3835 ies
1375 3788 1472 3835 autres
1489 3773 1583 3855 places

530 3867 601 3944 qu’ii
625 3866 714 3925 tenuit
736 3885 772 3924 en
794 3865 823 3923 la
844 3866 938 3925 comte
960 3863 1000 3923 du
1020 3864 1126 3947 Maiue.
1141 3890 1155 3918 ι
1174 3866 1332 3941 Chmnique
1344 3864 1381 3921 de
1395 3868 1498 3940 Bmy,
1513 3862 1584 3923 daut

531 3956 694 4034 chesroy,
718 3976 749 4033 p.
774 3956 843 4012 430.

571 4047 601 4103 Ξ;
623 4048 665 4103 Le
678 4044 722 4102 roi
736 4062 773 4104 nc
785 4041 929 4102 couduisit
939 4062 993 4123 pas
1009 4043 1036 4101 le
1049 4042 1127 4124 siege
1142 4062 1180 4103 en
1198 4060 1357 4122 personne,
1372 4038 1478 4101 maisit
1494 4041 1522 4102 ie
1538 4040 1585 4101 di-

531 4134 611 4213 rigea
631 4133 667 4193 de
680 4131 842 4207 lavardin,
865 4134 905 4189 od
918 4131 937 4189 it
954 4152 985 4191 se
1001 4131 1090 4191 tenuit
1101 4130 1229 4213 pendent
1241 4132 1284 4193 ies
1299 4130 1472 4211 opirations.
1498 4130 1584 4192 ctm-

532 4230 621 4299 ntque
634 4226 670 4279 de
687 4226 789 4299 Beny,
803 4220 874 4280 dans
884 4219 1043 4298 Godeiroy,
1056 4240 1087 4300 p.
1102 4222 1171 4279 tao.

574 4314 603 4371 ³.
627 4315 674 4370 Au
686 4322 932 4372 commencement
943 4308 982 4371 de
992 4309 1106 4371 t’mnte
1117 4310 1206 4369 1448.
