3892 5892
734 890 847 948 um
868 890 1035 949 matut.
1361 898 1419 955 tta

365 1014 736 1115 ngaliamouestionis
751 1029 788 1087 et
813 1014 1079 1114 propagationis
1103 1017 1242 1113 generis
1266 1019 1421 1117 reposita

358 1158 439 1235 spes
455 1147 549 1223 erat,
572 1129 683 1221 vidit,
702 1130 794 1202 infra
814 1153 950 1229 paucos
975 1144 1057 1227 post
1081 1155 1200 1203 annos
1225 1130 1417 1226 decursos,

357 1274 398 1323 se
410 1264 448 1324 et
459 1250 627 1323 maritum
638 1244 884 1319 miserabiliter
893 1269 1007 1342 regno
1021 1245 1144 1344 pulsos
1156 1260 1193 1319 et
1203 1247 1241 1319 in
1256 1250 1420 1323 exsilium

358 1380 574 1461 trusos3et‚
591 1378 785 1464 postquam
800 1362 873 1435 illic
893 1362 957 1435 diu
972 1360 1234 1455 extabuissent,
1257 1378 1294 1437 ct
1311 1366 1419 1439 mari·

358 1499 416 1557 tus
430 1484 548 1579 longo·
563 1505 705 1555 carcere
725 1492 926 1552 maceratus
944 1478 1088 1573 suisset,
1107 1480 1259 1555 fortune
1278 1481 1420 1557 blandi-

360 1601 417 1673 tiis
439 1625 482 1674 ac
496 1598 653 1671 ludibrio
677 1597 716 1669 in
733 1620 888 1693 regnum
903 1596 950 1669 ad
966 1612 1193 1671 momentum
1215 1599 1417 1692 restitutum

358 1715 424 1789 sed
440 1715 666 1815 paulopost,
689 1726 726 1786 et
741 1711 872 1787 εοάοω
889 1734 989 1811 piene
1006 1728 1213 1804 momento,
1235 1738 1294 1806 ae,
1312 1717 1419 1789 mari·

358 1846 488 1906 tumet
511 1830 625 1905 lilium
638 1832 714 1928 jam
733 1830 924 1929 puberem,
948 1854 1033 1903 cum
1052 1833 1090 1903 in
1118 1830 1234 1906 solido
1261 1832 1420 1913 fumasse

359 1946 506 2041 vestigia
521 1970 561 2019 se
574 1945 788 2035 crederent,
812 1944 851 2015 in
873 1957 1070 2019 exmemam
1088 1946 1218 2019 itemm
1239 1948 1420 2021 miseriam

360 2060 671 2135 revolutoeridit
696 2060 811 2133 filium
827 2085 912 2133 cum
931 2086 1065 2159 magno
1087 2065 1300 2137 exercituin
1322 2064 1419 2139 bello
1443 2104 1447 2111 ·

361 2178 496 2249 victum
519 2191 555 2257 et
569 2178 783 2249 exstinctum
806 2200 892 2278 cum
914 2176 1008 2267 suis,
1040 2178 1206 2251 maritum
1234 2179 1358 2253 denuo
1381 2182 1418 2255 in

360 2314 540 2363 carcerem
575 2304 753 2363 retrusum
789 2305 824 2363 et
859 2291 989 2363 iterum
1006 2312 1070 2363 ‘er
1099 2316 1182 2389 rege
1213 2296 1418 2393 captivum,

360 2405 555 2506 paucisque
582 2420 666 2505 post
689 2406 906 2505 interpositis
933 2404 1080 2497 diebus,
1119 2406 1350 2502 suffocatum3
1382 2436 1419 2483 ae

361 2520 476 2619 ipsam
488 2544 594 2613 vero,
613 2517 661 2591 ad
678 2520 823 2591 victoris
842 2519 1050 2593 devolutam
1068 2545 1216 2594 manum
1230 2576 1239 2613 ,
1252 2523 1419 2597 miseram

360 2634 408 2709 ad
430 2635 574 2707 victoris
598 2634 784 2707 arbitrium
811 2635 951 2707 trahere
978 2636 1099 2707 vitam.
1128 2635 1225 2711 Talia
1255 2638 1359 2735 igitur
1383 2654 1419 2713 et

360 2750 505 2843 similia,
533 2776 613 2849 quae
629 2751 733 2823 toties
750 2765 786 2822 et
805 2774 872 2850 per
894 2774 1022 2823 omnes
1050 2765 1149 2823 terra
1166 2751 1288 2852 plagas
1304 2757 1418 2827 conti·

362 2868 452 2964 gisse
467 2882 603 2939 veteres
625 2867 772 2940 annales
798 2882 834 2939 et
850 2866 1016 2947 historiae'
1034 2868 1192 2963 referunt
1215 2885 1418 2971 canuntque

360 2983 562 3080 tragoediae,
591 2982 747 3078 legentes
768 2997 965 3078 agnoscant
987 3008 1114 3059 verum
1139 3010 1215 3060 esse
1240 2988 1341 3086 quod
1363 3014 1418 3063 sa-

361 3100 501 3197 pienter
512 3102 645 3171 Seneca
661 3097 816 3170 cecinit:
860 3135 867 3170 .·

500 3312 587 3367 Nemo
599 3323 655 3365 tam
665 3310 742 3365 divor
753 3309 848 3365 babuit
859 3312 976 3365 ferentes

474 3390 480 3402 ⁸
502 3400 651 3453 Qunam
662 3412 693 3452 nt
702 3400 787 3473 possit
797 3399 847 3452 sibi
861 3390 982 3472 polliceri
994 3418 1001 3454 ι

501 3488 553 3541 Iler
566 3490 636 3542 Deua
647 3500 751 3541 nostras
761 3488 840 3540 celeri
851 3487 943 3541 citatae

623 3576 745 3631 Turbine
759 3590 858 3646 reram

361 3766 571 3866 discantque
593 3764 761 3839 mortales
786 3764 916 3837 nonin
939 3763 1077 3861 fastigio
1095 3766 1345 3866 temporalium
1362 3769 1426 3843 di·-

361 3885 558 3979 gnitatum,
583 3905 659 3953 non
684 3882 722 3953 in
751 3881 930 3979 potentia,
955 3879 1156 3953 bonoribus
1182 3882 1239 3955 vel
1266 3884 1416 3977 divitiis,

361 4024 422 4070 seu
440 3997 577 4071 miseris
593 4012 701 4096 atque
723 3996 970 4097 insipientibus
986 3995 1246 4097 voluptatibus,
1263 4014 1325 4073 aut
1340 4002 1419 4099 qui-

361 4112 586 4211 buscumque
615 4112 873 4213 temporalibus
897 4112 970 4185 istis
989 4126 1025 4185 et
1051 4113 1261 4185 transitoriis
1288 4115 1416 4210 rebus,

362 4229 593 4327 quaereudam
614 4231 672 4305 vel
695 4228 984 4305 constituendam
1007 4252 1084 4303 esse
1108 4228 1332 4323 felicitatem,
1355 4234 1418 4307 sed

363 4349 401 4421 in
425 4348 504 4420 solo
531 4348 593 4420 illo
616 4373 702 4421 vero
733 4364 770 4421 et
792 4348 950 4450 perlecto
972 4346 1092 4441 bonu,
1126 4362 1232 4447 atque
1252 4364 1383 4425 aeterno
1406 4381 1413 4425 :

363 4467 464 4568 quod
477 4467 540 4565 qui
557 4468 667 4541 semel
682 4467 788 4541 suerit
805 4482 1031 4562 consecutus,
1052 4468 1216 4542 omnium
1238 4468 1418 4545 bonorum

364 4581 587 4659 abundantia
611 4582 745 4655 fruetur
768 4581 1044 4681 satiabiturque‚
1075 4584 1203 4661 timore
1242 4586 1419 4663 malorum
