3892 5892
491 834 549 889 tot
775 824 1033 885 fflsronmnuu
1051 820 1189 881 cenom
1207 821 1260 879 vn

493 967 668 1060 quatenus
679 950 940 1023 declararent
914 974 944 1021 sr
957 946 1126 1021 mandato
1141 946 1232 1043 regis
1244 948 1477 1035 Francorum,
1492 935 1553 1015 vel

493 1070 604 1169 ipsius
612 1067 772 1157 nomine,
787 1066 862 1139 haec
870 1066 1037 1161 egissent,
1048 1061 1148 1161 quod
1159 1058 1366 1158 hujusmodi
1377 1057 1553 1158 oppidum

495 1199 635 1281 treugas
649 1182 844 1255 violando
835 1195 884 1252 rta
899 1193 1144 1279 occupassent
1161 1178 1232 1265 Qui
1245 1173 1372 1265 duces,
1391 1198 1475 1247 cum
1492 1200 1554 1247 su-

495 1324 560 1397 per
576 1298 647 1369 lroc
663 1322 728 1395 per
742 1293 910 1367 heraldos
920 1291 1064 1391 [essent]
1084 1290 1262 1389 requisiti,
1280 1289 1439 1388 quodam
1454 1288 1553 1361 velut

496 1424 745 1507 stratagemate
760 1409 814 1481 usi
823 1406 1124 1518 ,responderunt
1139 1432 1176 1479 se
1194 1432 1260 1479 nec
1275 1406 1445 1479 mandato
1461 1406 1552 1502 regis

496 1533 738 1619 Francorum,
763 1549 830 1596 nec
851 1524 928 1625 ejus
945 1524 1093 1595 nominc
1115 1521 1154 1593 id
1176 1522 1317 1612 fecisse,
1341 1520 1403 1593 sed
1419 1545 1457 1593 se
1473 1545 1554 1591 ves-

498 1645 604 1717 sallos
617 1670 659 1718 ac
674 1638 924 1742 stipendiarios
940 1641 1041 1715 ducis
1059 1642 1243 1717 Britanniae
1254 1640 1393 1738 ,ipsius
1408 1620 1554 1711 nomine

499 1774 536 1832 et
560 1760 625 1831 ad
631 1760 706 1854 eJ'us
734 1758 945 1848 utilitatem,
964 1756 1002 1828 id
1025 1756 1201 1830 fecissem
1225 1756 1435 1852 injuriarum
1450 1768 1555 1851 atque

500 1868 715 1946 damnorum
737 1896 1008 1972 recompensam
1021 1898 1076 1965 'ex
1102 1886 1319 1971 parte‚,quae
1345 1869 1465 1942 eidem
1487 1867 1556 1941 do-

500 1990 599 2061 mino
616 1989 701 2061 duci
723 1983 911 2067 Britanniae
938 1988 1081 2084 suisque
1099 1986 1255 2059 subditis
1274 1988 1312 2057 in
1332 1986 1499 2084 captione
1521 1998 1556 2056 et
1652 2050 1654 2053 .

501 2106 704 2204 direptione
731 2105 857 2205 oppidi
879 2104 925 2177 de
950 2104 1118 2201 Fulgeriis
1142 2102 1361 2195 intulissent,
1381 2126 1508 2199 seque,
1528 2102 1556 2171 si

502 2222 649 2298 facultas
660 2224 711 2295 eis
722 2223 879 2313 daretur,
896 2220 1106 2293 militaturos
1117 2219 1233 2292 eidem
1249 2218 1333 2289 duci
1347 2218 1393 2291 ad
1407 2218 1554 2315 majora.

554 2343 635 2411 Haec
652 2353 772 2412 autern
797 2362 968 2436 responsa
990 2332 1074 2409 cum
1099 2336 1208 2408 iidern
1230 2332 1369 2407 heraldi
1392 2336 1443 2407 eis
1468 2334 1559 2408 lacta

503 2456 612 2527 luisse
629 2454 831 2527 retulissent
847 2453 930 2528 duci
954 2454 1200 2545 Summerseti,
1221 2452 1355 2547 majore
1371 2453 1482 2524 animi
1497 2451 1560 2522 in-

503 2569 711 2667 dignatione
726 2567 908 2658 urebatur,
934 2570 1160 2640 comminans
1185 2592 1222 2639 se
1237 2566 1338 2639 brevi
1355 2566 1501 2639 eosdem
1517 2590 1560 2639 ex

504 2700 682 2782 occupato
700 2681 882 2812 praedicto·
892 2662 1038 2780 oppido
1050 2681 1239 2779 depellere.
1262 2684 1396 2753 Verum
1413 2681 1562 2779 quidem

505 2814 583 2871 erat
600 2798 777 2896 quod,1n
794 2797 903 2867 sacris
914 2796 1038 2867 litteris
1057 2821 1145 2894 quas
1157 2821 1225 2896 pro
1242 2796 1416 2870 soliditate
1432 2812 1562 2894 treuga·

505 2912 606 2984 lactae
626 2911 823 3009 Anglorum
851 2935 913 2982 rex
936 2909 1131 2985 tradiderat
1152 2913 1226 3010 regi
1246 2907 1482 3007 Francorum,
1498 2936 1563 2983 no·

506 3024 810 3101 minabatur'dux
837 3018 1023 3100 Britanniae
1049 3042 1219 3127 tanquam
1240 3028 1297 3105 ¹vel
1317 3028 1479 3103 subditus
1507 3028 1561 3101 vel

508 3144 699 3217 soederatus
713 3144 830 3217 eidem
846 3145 1042 3244 Anglorum
1059 3146 1150 3245 regi;
1163 3144 1312 3219 sednon
1330 3148 1430 3219 aliter
1440 3146 1561 3237 etiam,

510 3264 555 3333 in
571 3260 693 3335 litteris
705 3262 796 3335 datis
812 3288 877 3361 per
891 3268 1112 3337 Francorum
1125 3289 1244 3363 regem
1260 3264 1454 3362 Anglorum
1470 3263 1560 3361 regi,

509 3396 584 3454 erat
605 3381 702 3453 idem
720 3381 908 3453 Britannia
932 3384 1006 3454 dux
1029 3383 1239 3455 nominatim
1266 3368 1302 3454 et
1323 3406 1485 3481 expresse
1508 3384 1563 3453 in-

515 3494 644 3571 sertus.
673 3498 776 3570 Unde
799 3499 948 3588 merito,
966 3524 1049 3571 cum
1072 3524 1116 3572 ex
1137 3515 1287 3598 utraque
1302 3501 1456 3599 partium
1475 3512 1564 3572 esset

508 3748 691 3810 mentionees
702 3747 740 3805 ici
753 3766 807 3826 par
821 3747 945 3806 Thomas
960 3746 1056 3809 Basin.
1072 3752 1147 3807 Tous
1161 3748 1202 3808 les
1219 3737 1428 3827 chroniqueurs
1444 3748 1565 3827 franceis

508 3849 674 3909 nommant,
689 3854 729 3893 au
741 3835 801 3893 lieu
815 3834 851 3893 de
869 3834 967 3893 Pierre
982 3834 1018 3894 de
1036 3837 1140 3910 Breze,
1161 3842 1234 3897 Jean
1247 3838 1285 3919 de
1298 3839 1386 3897 Bre'ze‘
1406 3858 1459 3899 son
1478 3839 1563 3897 frere.

508 3926 621 3986 Robert
637 3922 773 3996 Blondel,
789 3922 921 3981 d'accord
942 3942 1013 3982 avec
1030 3943 1086 3982 eux
1101 3946 1151 3985 sur
1167 3947 1200 3987 ce
1217 3927 1310 4007 point,
1329 3928 1442 4009 corrige
1463 3928 1566 3987 edcore

510 4026 595 4073 notre
620 4024 724 4072 auteur
746 4009 947 4068 relativement
967 4030 1004 4069 au
1025 4012 1158 4093 seigneur
1177 4016 1213 4075 de
1238 4014 1347 4096 Bigars.
1371 4016 1465 4090 Volci,
1485 4015 1566 4077 selon

510 4103 574 4178 lui,
589 4101 671 4181 quels
685 4100 791 4159 etaient
802 4099 844 4158 les
854 4100 1011 4178 capimines
1028 4102 1151 4182 franceis
1167 4128 1175 4164 ι
1199 4133 1212 4158 κ
1224 4106 1368 4167 Robertus
1382 4106 1419 4166 de
1430 4110 1567 4185 Floqeer,

397 4204 400 4209 '
515 4192 675 4273 vulgariter
703 4192 858 4268 Floquetus
885 4190 994 4267 dictus,
1019 4193 1065 4251 vir
1077 4213 1160 4271 acer
1181 4195 1214 4253 in
1234 4198 1323 4255 armis
1340 4195 1511 4277 perdoctus,
1534 4214 1568 4255 ac

515 4279 651 4340 dominus
677 4278 715 4337 de
743 4278 835 4337 Melo·
836 4278 911 4337 Nido
935 4284 1093 4360 (Mauny)
1116 4240 1202 4343 anlbo
1224 4284 1261 4344 de
1283 4285 1460 4344 Normannia
1477 4286 1566 4361 creti;

515 4387 634 4428 necnon
653 4367 799 4427 lohannes
823 4366 860 4425 de
882 4370 1045 4447 Bressiaco,
1065 4372 1147 4433 miles
1168 4386 1302 4434 strenuus
1323 4374 1360 4434 de
1385 4368 1566 4457 Andagavia,

516 4456 646 4518 Jacobus
659 4456 696 4516 de
708 4456 789 4515 Bello
801 4462 914 4536 Monte,
929 4458 966 4519 de
979 4462 1161 4543 Delphinatu,
1166 4478 1262 4540 onus,
1276 4464 1384 4525 bellis
1375 4478 1565 4525 instructus.-

513 4553 843 4626 Asseru'oNomranm‘ae,
853 4550 906 4610 lib.
918 4554 944 4626 1,
957 4572 984 4613 c.
1000 4572 1052 4615 vn.
