3892 5892
550 911 610 970 au
829 909 1084 968 msmmaauu
1103 911 1241 986 canon
1260 911 1312 968 vu

531 1030 721 1104 omnibus
736 1029 903 1106 facultate
926 1045 962 1128 et
988 1031 1175 1104 securitate
1193 1030 1239 1104 ad
1265 1055 1328 1104 aua
1352 1030 1512 1104 abeundi
1528 1055 1622 1106 etam

551 1151 657 1230 bonis
672 1175 751 1247 quae
771 1149 965 1244 haberent,
984 1151 1139 1249 exceptis
1159 1148 1366 1224 bombardis
1382 1162 1417 1223 et
1435 1149 1622 1222 machinis

419 1363 422 1368 ⁵
551 1286 655 1345 oertae
669 1270 944 1367 magnitudinis,
962 1294 1052 1368 quas
1068 1271 1119 1342 eis
1135 1269 1325 1370 deportare
1341 1294 1417 1343 nou
1433 1269 1534 1342 licuit
1545 1275 1571 1342 ¹.

600 1389 723 1484 itaque
739 1386 824 1483 ipsi,
843 1398 991 1482 accepto
1008 1385 1132 1456 itinere
1148 1409 1212 1482 per
1229 1384 1484 1457 Normanniam
1500 1398 1538 1456 et
1556 1387 1618 1457 Pi·

550 1501 732 1590 cardiam,
749 1498 797 1572 ad
814 1498 989 1597 oppidum
1008 1498 1135 1570 Calesii
1149 1498 1298 1596 proiecti
1314 1513 1417 1593 sunt,
1436 1505 1620 1572 Norman·

551 1619 611 1688 nia
634 1615 813 1688 derelicta.
843 1616 934 1700 Cum
960 1614 1013 1686 eis
1039 1613 1190 1711 proiecti
1213 1627 1296 1686 sunt
1319 1613 1428 1712 aliqui
1453 1616 1616 1688 nationis

552 1728 761 1821 Gallicana,
781 1729 845 1802 sed
859 1755 1012 1802 numero
1027 1732 1150 1828 pauci,
1168 1731 1231 1828 qui
1248 1733 1460 1829 pertinacius
1479 1733 1615 1830 lngio-

552 1873 633 1920 rum
648 1847 801 1946 querelae
821 1847 977 1918 lautores
999 1847 1215 1919 exstiterant.
1236 1849 1422 1920 Duxerunt
1440 1847 1548 1920 etiam
1562 1872 1613 1920 ex

486 1968 495 1988 ⁸
550 1964 636 2062 ipsis
652 1961 817 2034 nonnulii
841 1985 972 2034 uxores
992 1985 1081 2059 quas
1106 1961 1143 2033 in
1162 1960 1276 2034 Gallia
1299 1975 1531 2061 acceperant;
1548 1963 1612 2035 alii

552 2102 637 2154 sero
654 2077 807 2150 scientes
821 2102 860 2150 se
874 2077 1054 2152 anteriora
1070 2075 1204 2149 habere
1225 2077 1393 2174 conjugia
1408 2078 1445 2148 in
1463 2077 1609 2176 Anglia',

550 2193 816 2292 superductus,
831 2216 907 2265 non
932 2191 1067 2289 absque
1093 2190 1248 2289 plurimo
1273 2192 1369 2264 luctu
1395 2205 1432 2265 et
1456 2192 1610 2288 ejulatu,

550 2307 782 2405 reliquerunt.
804 2313 912 2380 Erant
929 2321 1069 2393 autem,
1086 2307 1146 2404 qui
1166 2305 1346 2397 exierunt,
1362 2319 1436 2380 tam
1450 2310 1612 2380 virorum

550 2447 661 2520 quam
678 2423 868 2496 mulierum
889 2421 985 2494 circa
1001 2435 1158 2518 quatuor
1174 2420 1296 2493 miliia.

770 2697 773 2704 '
875 2690 1130 2759 CAPlTULUM
1157 2690 1280 2758 XXVi.

550 2853 1611 2930 uemuwauomratatanompu-rmuetcumauupe,pers-0,

731 2941 926 3012 complemento
937 2942 1144 3013 recuperationis
1151 2943 1233 2998 totius
1242 2947 1422 3000 Normanuia.

599 3082 744 3182 Oppido
761 3083 866 3180 igitur
887 3083 1101 3158 Cadornensi
1119 3111 1164 3162 eo
1185 3088 1298 3162 modo
1320 3103 1472 3164 vacuato
1489 3091 1608 3187 Angli-

551 3222 711 3294 uanaque
732 3214 929 3298 expurgato
946 3201 1112 3289 natione,
1133 3216 1241 3300 atque
1262 3204 1299 3277 in
1317 3208 1535 3280 Francorum
1552 3205 1608 3278 di·

552 3314 687 3386 tionem
704 3314 884 3405 restituto,
905 3316 1086 3390 restabant
1108 3317 1145 3388 in
1163 3320 1384 3392 Normanuia
1398 3319 1517 3394 adhuc
1532 3321 1607 3395 duo

553 3428 707 3529 oppida,
725 3431 861 3504 ueteris
884 3431 957 3504 iere
976 3433 1083 3505 totius
1103 3434 1295 3532 provinciae
1313 3436 1527 3530 munitiora,
1544 3443 1607 3512 aa·

551 3545 637 3619 lesia
653 3544 786 3620 scilicet
806 3560 842 3620 et
862 3550 1181 3647 cacans-Burgus,
1199 3575 1283 3624 cum
1299 3568 1416 3626 castro
1433 3558 1608 3656 uompna

551 3662 703 3737 Frontis.
716 3665 768 3734 Ne
782 3663 901 3760 igitur,
919 3663 1084 3737 derelicta
1099 3665 1286 3739 scintillula
1299 3666 1436 3766 aliqua,
1449 3669 1605 3744 lumenta

551 3779 750 3869 inveniens,
761 3777 1004 3868 inrecidivum
1014 3779 1220 3866 incendium
1233 3780 1607 3883 lorsanposaeterum·

552 3917 655 3993 pere,
673 3907 709 3965 et
725 3894 940 3966 novissimus
964 3919 1065 3967 error
1080 3895 1198 3993 priore
1223 3896 1379 3972 deterior
1396 3924 1604 3998 resurgere,

551 4009 598 4082 ad
625 4033 668 4083 ea
684 4010 791 4081 etiam
810 4009 1048 4108 expugnanda
1070 4009 1226 4108 prudens
1248 4037 1309 4086 rex
1326 4013 1491 4088 attendit.
1516 4020 1605 4090 Cum

550 4138 693 4214 autem,
712 4123 758 4197 ad
775 4137 893 4197 tantos
910 4138 1071 4222 sumptus
1089 4127 1385 4226 gravissimasque
1404 4129 1604 4229 impensas,

550 4245 654 4320 solita
663 4246 850 4344 regnicolis
859 4245 997 4344 imponi
1013 4247 1171 4344 ingentia
1182 4249 1399 4324 tributorum
1415 4277 1528 4328 onera
1543 4255 1606 4326 mi·
1660 4235 1674 4264 ⁶

550 4362 648 4436 nime
665 4361 886 4444 sufficerent,
908 4362 1140 4460 pecuniaque
1156 4363 1282 4461 regalis
1299 4365 1602 4460 liscideliccreat,

549 4501 663 4575 prope
685 4479 749 4550 fuit
775 4503 836 4550 rer
853 4478 890 4550 in
917 4500 1049 4573 magno
1070 4478 1295 4569 discrimine,
1321 4507 1367 4556 ne
1391 4483 1605 4586 internupta

589 4643 620 4702 1.
643 4638 889 4715 intumum.
