3892 5892
736 892 847 953 LIBER
866 893 1068 955 SECUNDUS.
1399 898 1438 957 tt

381 1020 490 1089 rent¹.
512 1014 621 1105 Quod
636 1016 859 1091 verissimum
873 1032 998 1119 postea
1010 1034 1235 1118 compertum
1252 1018 1334 1095 luit..
1349 1023 1438 1093 Nam

381 1131 476 1205 illico
490 1144 530 1203 ut
543 1131 693 1231 Anglici,
712 1134 931 1207 Normanuia
948 1135 1066 1232 ejecti,
1084 1135 1131 1208 ad
1145 1136 1291 1237 propria
1308 1138 1438 1210 reverti

380 1247 556 1348 compulsi
569 1263 665 1338 sunt,
677 1251 791 1347 patria
801 1249 896 1324 illico
905 1250 1083 1349 pestilenti
1095 1251 1284 1324 hominum
1297 1252 1437 1324 incom-

381 1360 493 1435 modo
505 1362 619 1435 libera
632 1363 772 1437 reddita
786 1380 850 1437 est.
869 1366 941 1453 Qui
953 1366 1051 1438 enim
1064 1390 1108 1438 ex
1123 1366 1185 1438 illo
1199 1366 1438 1439 latrocinandi

381 1479 502 1553 officio
516 1496 725 1580 supererant
740 1481 793 1579 (et
811 1482 914 1555 multi
932 1483 1080 1581 quidem
1096 1482 1225 1579 eraut),
1243 1482 1299 1555 vel
1315 1483 1353 1553 in
1370 1508 1437 1554 nu·

380 1620 520 1669 merum
543 1597 675 1669 militiae
696 1610 802 1695 atque
830 1597 1005 1697 stipendia
1036 1600 1169 1697 recepti
1188 1613 1283 1691 sunt,
1304 1597 1361 1670 vel
1389 1600 1437 1671 ad

382 1711 510 1785 domos
519 1736 601 1784 suas
612 1727 840 1807 revertentes,
854 1738 1023 1810 agrorum
1035 1712 1181 1786 culturae
1190 1713 1434 1806 intenderunt,

380 1844 455 1920 aut,
481 1828 510 1902 si
532 1843 644 1901 artem
662 1827 872 1920 didicerant,
890 1854 994 1902 exea
1013 1854 1206 1928 procurare
1226 1828 1293 1902 sibi
1317 1830 1436 1908 uxori-

381 1940 524 2041 busque
544 1968 586 2016 ac
602 1941 723 2016 liberis
740 1944 936 2017 necessaria
951 1944 1032 2015 vitae
1048 1958 1276 2016 curaverunt.

429 2058 611 2145 Quamdiu
622 2084 707 2133 vero
718 2060 851 2159 Anglici
863 2073 994 2131 terram
1005 2072 1209 2151 tenuerunt,
1221 2072 1261 2129 ut
1269 2057 1436 2151 diximus,

381 2175 555 2247 continuo
568 2176 719 2274 patriam
736 2201 836 2275 paene
847 2175 982 2274 ubique
997 2174 1204 2279 infestantes
1216 2190 1252 2248 et
1268 2175 1439 2276 luporum

381 2314 482 2363 more
506 2315 550 2363 ex
583 2290 738 2365 latibulis
763 2306 869 2389 atque
893 2292 1003 2364 antris
1033 2291 1201 2365 silvarum
1223 2291 1435 2385 exsilientes,

382 2431 475 2505 quos
491 2422 655 2506 poterant
670 2409 819 2501 vicinos,
839 2409 991 2482 maxime
1007 2433 1050 2480 ao
1066 2408 1133 2481 sibi
1150 2409 1354 2481 familiarius
1369 2434 1438 2481 no·

384 2534 453 2612 tos,
468 2522 706 2622 captivabant,
719 2523 936 2623 spoliabant;
948 2523 1080 2622 quibus
1090 2524 1198 2596 etiarn
1209 2537 1283 2595 tam
1294 2522 1453 2595 ellerata'

383 2634 501 2708 rabies
525 2638 733 2728 incesserat,
753 2652 792 2710 ut
815 2662 882 2709 nec
899 2637 1145 2710 sacerdotibus
1165 2638 1231 2709 Dei
1252 2662 1319 2736 pro
1336 2660 1437 2708 reve·

382 2753 496 2858 rentia
523 2753 702 2850 dignitatis
728 2754 935 2852 ordinisque
956 2752 1186 2865 sacerdttglis
1211 2752 1258 2825 ab
1282 2753 1332 2825 eis
1356 2776 1439 2851 par·

381 2883 534 2965 ceretur,
562 2893 629 2941 neo
651 2894 713 2942 eos
736 2871 906 2968 Apollinis
934 2870 1046 2944 inlula
1068 2870 1225 2961 t'ererit¹,
1244 2869 1440 2967 quominus

383 2984 413 3055 si
424 3000 583 3083 possent,
598 3001 638 3057 ut
653 2987 769 3059 caeteri
780 2988 1059 3086 captivarentur,
1071 2988 1128 3060 vel
1141 2986 1380 3085 spoliarentur
1393 2981 1440 3055 ab

382 3100 486 3199 ipsis;
507 3118 543 3176 et
568 3103 662 3193 licet,
682 3116 721 3173 ut
742 3102 819 3199 jam
843 3103 1011 3197 diximus,
1035 3103 1181 3200 Anglici,
1200 3126 1357 3201 quorum
1374 3125 1439 3200 po·

382 3218 515 3293 tissime
539 3220 619 3292 vitae
643 3217 839 3291 tendebant
855 3218 1013 3309 insidias,
1032 3244 1108 3313 eos,
1126 3243 1209 3291 eum
1226 3218 1437 3317 potuissent,

382 3336 459 3408 sine
476 3336 548 3409 ulla
571 3335 798 3409 miseratione
816 3334 1046 3425 trucidantes,
1065 3333 1347 3432 frequentissime
1362 3360 1441 3434 per·

383 3454 577 3549 quirerent,
589 3450 842 3552 perlustrantes
854 3450 961 3525 silvas
975 3476 1059 3523 curn
1075 3462 1293 3522 armatorum
1306 3448 1439 3521 cobor-

384 3567 489 3655 tibus,
508 3582 545 3641 et
565 3566 715 3641 canibus
740 3591 799 3639 eas
815 3568 998 3664 cingentes
1015 3580 1050 3637 et
1066 3577 1309 3665 pervagantes,
1328 3562 1439 3663 pluri·

383 3708 533 3783 mosque
562 3683 844 3783 comprehensos
878 3682 932 3755 vel
964 3683 1083 3755 statim
1110 3682 1346 3780 perimerent,
1382 3680 1439 3753 vel

382 3800 483 3873 vivos
495 3800 541 3873 ad
549 3799 688 3897 judices
700 3800 830 3897 regios,
848 3798 1023 3899 supplicio
1038 3795 1441 3871 alliciendoscontrade·

382 3930 474 3989 rent.
499 3920 588 3997 Erat
600 3916 697 3989 enim
719 3914 865 4016 publico
888 3914 1007 3988 edicto
1030 3912 1277 3987 occidentibus
1291 3913 1364 3985 sive
1380 3913 1441 3986 ad·

384 4030 597 4105 ducentibus
615 4032 812 4131 Brigandos
837 4046 975 4105 certum
990 4030 1156 4104 salarium
1175 4029 1221 4104 de
1239 4030 1326 4102 fisco
1342 4030 1441 4127 regio

426 4190 455 4248 l.
479 4190 558 4248 Cette
574 4187 712 4248 anecdote
734 4207 753 4248 a
771 4188 816 4247 ete'
833 4186 990 4248 intercalee
1004 4200 1065 4247 mot
1078 4207 1154 4267 pour
1165 4198 1226 4247 mot
1239 4185 1311 4245 dans
1324 4184 1366 4245 les
1378 4189 1443 4245 Aa·

387 4282 465 4335 nates
477 4280 621 4335 Flondrr'u
636 4275 672 4337 de
686 4280 795 4355 Meyer,
813 4276 834 4337 l.
854 4278 930 4336 XVI.
1052 4322 1056 4327 ,

423 4368 455 4425 2.
478 4365 502 4425 Il
516 4365 625 4425 semble
642 4384 699 4445 que
711 4384 744 4425 ce
758 4366 813 4423 soit
828 4364 923 4423 l'letole
939 4382 998 4442 que
1009 4364 1134 4425 l’autenr
1147 4376 1218 4423 veut
1236 4363 1371 4445 designer
1389 4385 1443 4444 par

385 4466 459 4515 cette
478 4454 646 4533 expression
662 4454 845 4515 recherchte.
863 4458 909 4513 Au
924 4453 998 4513 livre
1013 4457 1052 4525 11,
1068 4472 1094 4512 c.
1110 4474 1169 4512 xxv
1187 4453 1225 4513 de
1243 4452 1390 4513 l'Histoire
1406 4453 1443 4515 de

384 4544 473 4605 loiris
481 4547 535 4618 XI,
548 4542 569 4601 il
583 4562 614 4603 se
625 4556 683 4603 sert
692 4560 797 4604 encore
809 4542 1127 4621 ‹l'Apollinin'nfulaen
1138 4539 1253 4621 pariant
1262 4542 1302 4601 du
1313 4543 1442 4603 cardinal

384 4634 486 4709 Balue,
501 4632 573 4692 mais
587 4632 664 4691 alors
676 4633 770 4713 plutdt
783 4651 895 4691 comme
908 4630 1074 4709 equivalent
1086 4632 1137 4693 des
1148 4631 1250 4693 lanons
1263 4630 1338 4693 dela
1346 4634 1442 4695 mitre.
