3892 5892
735 927 846 986 mett
866 927 1017 986 PRIMUS.
1389 931 1407 986 7

348 1055 515 1152 injuriam
535 1065 653 1125 morte
673 1050 784 1150 ipsius
806 1051 996 1124 facinorosi
1021 1050 1157 1124 ulturus
1177 1065 1280 1124 esset.
1299 1050 1406 1139 Quod

349 1184 385 1242 et
409 1183 552 1268 postea,
571 1167 661 1240 dum
676 1168 752 1265 jam
775 1180 875 1267 pater
896 1191 983 1240 suus
1006 1163 1170 1256 obiisset,
1190 1181 1225 1240 et
1239 1181 1408 1266 patemo-

348 1309 430 1358 rum
445 1283 690 1356 dominiorum
702 1282 961 1357 administratio
978 1282 1097 1354 omnis
1114 1281 1181 1355 sibi
1199 1281 1408 1357 confirmata

348 1414 459 1493 esset,
479 1423 589 1498 opere
601 1412 639 1471 et
651 1397 747 1470 sacto
764 1395 963 1495 adimplere
979 1397 1128 1469 curavit.

707 1713 962 1785 ctrttntutt
988 1713 1049 1782 lll.

347 1918 415 1985 Qua
433 1914 527 1972 callide
538 1916 670 1986 loannes,
687 1912 743 1969 dux
760 1912 998 1988 Burgundionum,
1010 1925 1156 1987 preparata
1166 1913 1243 1986 lecit,
1256 1914 1409 1988 priusquam

453 2009 665 2083 peremptionem
676 2007 874 2063 Aurelianensis
885 2006 961 2062 ducis
972 2007 1135 2062 exsecutioni
1146 2005 1292 2062 mundant.

398 2191 611 2286 Priusquam
633 2213 720 2262 vero
748 2187 945 2262 vindictam
968 2186 1219 2284 hujuscemodi
1249 2211 1291 2261 ac
1323 2189 1411 2261 tanti

348 2305 519 2403 principis
534 2305 668 2377 caedem
684 2304 830 2401 exsequi
850 2302 1078 2392 decerneret,
1095 2303 1159 2400 qui
1179 2303 1270 2400 regis
1284 2303 1412 2376 unicus
1486 2357 1489 2362 -

349 2445 539 2515 germanus
549 2435 585 2493 et
598 2420 687 2517 ejus,
699 2433 740 2492 ut
745 2419 821 2517 jam
834 2418 1176 2508 diximus,amentis,
1188 2417 1226 2489 in
1238 2419 1410 2514 regalium

348 2535 631 2632 dispensatione,
651 2537 805 2609 maxime
829 2549 908 2608 tum
934 2557 1008 2634 prae
1026 2533 1160 2606 caeteris
1188 2533 1412 2632 principibus

348 2652 557 2724 auctoritate
574 2650 810 2751 precellebat,
831 2650 901 2725 hec
912 2648 1052 2724 cautela
1063 2674 1149 2722 usus
1162 2647 1269 2723 luisse
1285 2649 1408 2722 fertur.

349 2769 540 2862 Postquam
553 2768 651 2840 enim
661 2768 755 2866 patri
769 2791 835 2840 suo
847 2765 1014 2864 Philippo
1031 2765 1215 2862 exsequias
1230 2779 1266 2838 et
1280 2763 1410 2840 solem·

346 2881 406 2956 nia
421 2907 463 2954 ex
473 2907 575 2956 more
590 2882 838 2982 persolvisset,
852 2883 964 2981 ipsius
976 2881 1198 2956 consiliarios
1211 2882 1410 2980 praecipuos

346 2999 540 3090 accersivit,
554 2999 744 3073 consilium
762 2999 982 3098 deposcens,
996 3013 1174 3097 quatenus
1187 2999 1220 3074 ei
1232 2999 1409 3099 aptiorem

347 3115 497 3188 modum
519 3116 721 3208 edicerent,
747 3140 820 3213 quo
841 3139 914 3188 suae
933 3115 1130 3188 voluntatis
1153 3113 1338 3187 decretum
1362 3114 1410 3188 de

346 3231 479 3329 prelati
504 3232 676 3330 principis
696 3231 966 3330 peremptione,
985 3254 1131 3327 quoque
1153 3229 1352 3302 minoribus
1371 3255 1410 3304 se

254 3369 260 3378 ’
346 3349 585 3421 committeret
609 3349 794 3448 periculis,
822 3346 964 3420 effectui
996 3345 1168 3421 mandare
1193 3361 1326 3445 posset.
1355 3347 1409 3420 llli

346 3477 467 3537 autem
479 3487 563 3534 cum
573 3463 737 3563 adprime
749 3463 905 3536 exterriti
921 3463 967 3536 de
982 3475 1057 3534 tam
1074 3461 1208 3535 nefaria
1223 3475 1259 3533 et
1273 3462 1410 3560 pericu-

346 3578 424 3653 lose
438 3578 639 3672 voluntate,
656 3579 705 3654 ab
726 3603 770 3654 ea
793 3578 963 3653 eumdem
978 3578 1164 3652 dimovere
1188 3593 1224 3652 et
1241 3601 1410 3650 revocare

346 3696 433 3770 eniti
458 3678 677 3793 satagerent,
701 3695 750 3771 ab
773 3695 921 3787 eodem,
943 3694 1012 3768 sub
1037 3695 1118 3768 vitre
1139 3718 1212 3767 suae
1228 3695 1406 3794 periculo,

346 3812 566 3886 interminati
582 3827 666 3886 sunt
682 3828 722 3886 ut
737 3815 971 3913 quantocius.
989 3809 1090 3911 quod
1102 3811 1292 3913 poscebat,
1306 3835 1410 3885 cure-

348 3943 427 4002 rcnt
441 3927 615 4030 perficere
639 3956 648 4002 t
673 3929 815 4002 dicente
837 3954 912 4002 uon
937 3953 977 4002 se
999 3926 1046 4002 ab
1067 3929 1118 4002 eis
1139 3927 1346 4002 {nullumne
1369 3928 1408 4001 id

346 4059 456 4136 esset,
469 4046 661 4120 consilium
674 4060 855 4147 expetere,
870 4045 970 4144 quod
984 4043 1245 4145 perficiendum
1258 4044 1410 4116 omniuo

348 4163 543 4258 statuisset3
559 4163 623 4238 sed
641 4178 697 4255 ut,
716 4188 789 4263 qua
803 4164 908 4237 viaet
923 4165 1082 4238 candore
1098 4161 1322 4262 potissimum
1332 4215 1342 4252 ,
1353 4163 1410 4236 in-

349 4275 521 4350 dicarent.
540 4279 594 4352 td
610 4280 728 4379 quod,
740 4295 780 4353 ut
790 4279 987 4354 consultius
997 4295 1033 4354 et
1043 4279 1119 4353 sine
1132 4278 1409 4380 precipitatione

347 4415 428 4490 quae
453 4393 490 4464 iu
513 4394 653 4487 arduis,
679 4420 765 4468 cum
790 4421 898 4495 super
919 4397 972 4469 eis
995 4393 1258 4469 consulendum
1283 4395 1406 4486 suerit,

348 4509 526 4610 praecipue
541 4510 667 4585 obesse
682 4511 791 4604 solet,
805 4511 992 4586 intendere
1008 4510 1232 4586 remeditari
1247 4525 1406 4611 possent,

349 4621 513 4698 inducias
528 4625 636 4700 tridui
652 4627 890 4726 postulmunt.
