3892 5892
555 962 618 1020 tlt
839 956 1099 1018 ntsronmunt
1119 956 1255 1018 elnon
1273 960 1327 1017 vn

557 1081 723 1179 mallent,
746 1107 789 1157 ea
804 1082 963 1157 vendere
979 1080 1071 1155 infra
1086 1096 1225 1157 certum
1240 1082 1429 1156 limitatum
1445 1082 1556 1156 diem.
1580 1086 1627 1156 Si

559 1200 648 1298 quid
663 1200 770 1273 etiam
780 1199 831 1272 eis
845 1224 868 1273 a
883 1196 1020 1272 civibus
1032 1197 1153 1299 patriae
1172 1196 1328 1297 legitime
1343 1198 1547 1288 deberetur,
1567 1202 1626 1275 eis

559 1316 772 1417 reposcendi
785 1314 931 1400 facultas
943 1313 1092 1414 praebita
1109 1330 1181 1405 est,
1202 1330 1239 1389 et
1255 1316 1465 1409 summarie,
1483 1318 1627 1417 absque

560 1429 813 1521 dilationibus,
841 1454 947 1531 super
975 1430 1048 1502 hoc
1073 1430 1132 1528 jus
1155 1428 1353 1524 redditum3
1380 1446 1417 1505 et
1441 1436 1518 1533 pari
1541 1434 1625 1507 vice

560 1548 682 1650 etiam,
709 1550 740 1620 si
767 1572 790 1622 a
817 1546 944 1645 quovis
971 1544 1116 1619 illorum
1142 1547 1335 1645 quicquam
1357 1546 1464 1622 alicui
1488 1550 1625 1623 civium

562 1662 773 1755 debebatur,
791 1662 887 1736 ultro
902 1663 1065 1761 citroque
1081 1662 1140 1760 jus
1156 1660 1357 1759 redditum,
1376 1678 1411 1737 et
1421 1665 1511 1763 juris
1523 1691 1626 1740 exse·

562 1780 660 1853 cutio
670 1779 826 1880 perfecta
836 1778 929 1854 inira
937 1794 1010 1853 tres
1020 1792 1082 1852 aut
1092 1792 1248 1878 quatuor
1261 1780 1337 1854 dies
1346 1777 1622 1856 administrata¹.

604 1900 790 1970 Datusest
798 1896 906 1970 etiam
914 1894 1013 1969 abire
1022 1894 1225 1969 volentibus
1237 1897 1437 1971 conductus
1446 1898 1626 1972 sufficiens

563 2035 600 2095 et
614 2015 708 2092 lidus
721 2038 836 2112 usque
848 2011 895 2086 ad
905 2036 991 2104 suae,
1005 2036 1115 2111 quam
1123 2010 1400 2112 profitebantur,
1414 2012 1626 2091 obedientie

563 2134 688 2210 limina
697 2127 996 2223 deducendis;·ita
1004 2126 1104 2227 quod
1114 2128 1234 2226 potius
1246 2128 1342 2201 velut
1353 2130 1626 2229 peregrinorum

565 2273 629 2323 seu
643 2247 830 2346 hospitum
846 2242 1032 2334 discessio,
1051 2241 1109 2314 vel
1124 2241 1385 2340 inquilinorum
1401 2244 1625 2341 demigratio,

566 2390 677 2464 quam
700 2360 829 2460 bellica
851 2359 1032 2434 exsecutio
1054 2357 1131 2430 fieri
1155 2372 1354 2459 putaretur,
1376 2375 1451 2433 tam
1475 2360 1571 2433 mitis
1594 2374 1630 2435 et

566 2482 727 2556 bumana
742 2464 811 2555 luit
824 2477 973 2576 hujusce
989 2474 1141 2559 civitatis
1153 2475 1302 2571 deditio,
1323 2480 1527 2551 interventu
1540 2476 1628 2550 dicti

567 2596 765 2700 pontilicis,
786 2588 991 2694 adspirante
1007 2592 1074 2665 Dei
1090 2590 1296 2684 clementia,
1317 2590 1430 2667 factal
1454 2598 1502 2697 ln¹
1521 2618 1631 2692 quem

568 2717 730 2820 prolecto
762 2741 784 2789 a
813 2710 980 2813 populari
1013 2710 1223 2783 militarium
1250 2710 1356 2823 turba
1386 2714 1629 2805 Francorum,

570 2847 718 2934 propter
733 2827 826 2921 boc,
850 2826 965 2899 multa
990 2824 1180 2899 maledicta
1199 2826 1331 2923 jactata
1347 2837 1449 2919 sunt,
1468 2852 1513 2900 eo
1530 2826 1632 2927 quod

570 2947 637 3021 sibi
661 2944 811 3018 civitatis
826 2942 949 3041 ipsius,
972 2941 1059 3013 satis
1074 2939 1314 3034 mediocriter,
1334 2967 1401 3042 pro
1429 2957 1632 3043 temporum

571 3056 856 3148 conditionibus,
874 3055 983 3129 bonis
1005 3056 1160 3149 resertae,
1179 3057 1289 3132 veluti
1308 3046 1329 3132 e
1351 3059 1518 3133 manibus
1544 3086 1633 3161 ρη-

572 3179 657 3252 dam
690 3172 876 3249 abstulisse
907 3172 1108 3265 videretur3
1138 3196 1224 3246 nam
1262 3174 1308 3246 ad
1341 3174 1561 3274 potiundum
1593 3201 1635 3249 ea

573 3316 726 3392 eamque
743 3288 1038 3393 expugnandam,
1059 3311 1134 3362 non
1149 3288 1289 3385 gravius
1303 3288 1371 3362 sibi
1385 3313 1495 3389 quam
1511 3290 1635 3364 mediae

574 3412 673 3484 borae
686 3409 872 3506 negotium
882 3406 1092 3497 incumbere
1108 3406 1391 3480 constantissime
1406 3405 1631 3481 asserebant:

576 3544 612 3603 et
632 3526 796 3627 prolecto
821 3524 872 3596 sic
897 3538 987 3596 erat.
1015 3526 1106 3595 Nam
1123 3523 1318 3617 bogiorum
1338 3522 1477 3594 circiter
1493 3536 1647 3595 centum.

577 3644 740 3747 peditum
750 3640 967 3742 presidium,
983 3637 1146 3736 quodibi
1162 3652 1249 3727 erat,
1262 3637 1418 3711 nonalia
1432 3662 1472 3711 se
1490 3662 1635 3711 usurum

578 3759 786 3834 defensione
806 3753 1028 3846 confidebat,
1051 3778 1160 3852 quam
1179 3755 1216 3826 in
1236 3755 1384 3828 alteram
1401 3757 1530 3828 turrim
1554 3781 1638 3831 con·

580 3880 719 3976 lugere,
736 3897 846 3974 quarn
860 3894 1007 3945 armona
1024 3871 1165 3942 circiter
1182 3870 1227 3942 ad
1244 3870 1404 3943 triduum
1421 3872 1637 3945 munierant.

581 4000 633 4066 Ex
656 3990 793 4067 civibus
809 4008 917 4082 vero,
945 4012 989 4061 eo
1013 3984 1113 4084 quod
1138 3988 1174 4059 iu
1192 3987 1286 4083 agris
1303 4000 1339 4059 et
1357 3987 1448 4083 villis
1465 3987 1639 4086 indigente

581 4109 724 4210 patriae,
744 4130 786 4179 ex
803 4102 922 4178 edicto
942 4101 1072 4201 regali,
1093 4100 1243 4174 minime
1264 4126 1284 4174 a
1301 4102 1472 4175 militibus
1489 4108 1641 4176 Franco·

584 4250 664 4298 rum
673 4222 805 4323 captivi
813 4217 1097 4311 abducebantur,
1107 4232 1168 4290 aut
1175 4218 1245 4291 suis
1258 4217 1507 4318 spoliabantur
1513 4218 1637 4307 bonis,

585 4366 714 4439 magna
738 4361 821 4440 pars
847 4350 957 4410 noctu
984 4360 1050 4435 per
1076 4334 1207 4408 moenia
1234 4358 1272 4407 se
1298 4332 1503 4425 dimiserat,
1537 4348 1572 4409 et
1598 4332 1639 4406 ad

627 4622 658 4677 l.
678 4620 720 4677 1ae
737 4628 816 4674 texte
828 4613 870 4672 du
886 4609 969 4671 truite
985 4621 1028 4669 est
1049 4608 1121 4667 dans
1137 4606 1166 4665 le
1184 4608 1301 4663 liecuer'l
1318 4606 1369 4662 des
1393 4604 1582 4661 ordonuances
1597 4602 1631 4657 de

586 4713 645 4766 tois
657 4708 693 4763 de
706 4708 834 4773 france,
852 4712 873 4759 t.
891 4701 971 4775 XIV,
986 4716 1017 4779 p.
1032 4700 1081 4756 59.
1097 4696 1121 4754 ll
1135 4706 1178 4753 est
1190 4692 1256 4753 date
1270 4692 1311 4752 du
1325 4694 1442 4751 ldaodt
1454 4692 1544 4749 itta.
