3892 5892
763 930 874 988 mtttt
893 930 1044 993 tumus.
1397 942 1436 999 at

371 1082 414 1131 ac
429 1070 528 1132 metu
540 1059 687 1147 retenti,
707 1054 834 1157 procul
850 1054 983 1149 dubio,
1002 1058 1123 1133 multae
1138 1086 1182 1135 es
1192 1061 1249 1136 bis
1261 1061 1438 1138 habitato·

370 1173 469 1247 ribus
484 1196 606 1247 vacuae
623 1170 753 1253 relictae
769 1171 936 1265 luissent,
954 1176 1264 1271 quemadmodum
1284 1180 1322 1252 in
1345 1205 1437 1254 non·

369 1291 476 1365 nullis
502 1304 644 1363 constat
666 1288 868 1387 contigisse.
900 1288 1059 1388 Populus
1083 1292 1181 1365 enim
1203 1308 1304 1367 terrae
1327 1294 1437 1393 longa

369 1420 456 1481 tunc
466 1430 556 1507 pace
567 1406 673 1481 simul
685 1430 770 1481 cum
780 1406 947 1479 servitute
959 1406 1112 1481 imbellis
1123 1411 1317 1511 etsimplex
1327 1412 1437 1486 nimis

369 1536 464 1617 erat,
478 1520 735 1595 aesummubus
751 1520 913 1623 plumbus
930 1548 1007 1598 non
1021 1524 1154 1625 Anglos
1167 1540 1311 1624 gentem
1326 1542 1436 1627 atque

369 1637 534 1712 homines
550 1662 648 1731 esse,
664 1639 729 1713 sed
744 1640 919 1713 immanes
935 1641 1113 1740 quasdam
1129 1656 1237 1741 atque
1252 1643 1435 1719 ferocissi-

369 1775 447 1825 mas
464 1752 624 1846 belluas,
644 1778 724 1853 quae
740 1754 788 1827 ad
802 1753 1055 1830 devorandum
1081 1758 1261 1857 populum
1282 1783 1359 1833 sese
1381 1761 1434 1835 cf·

369 1867 574 1943 funderent.

417 1986 674 2060 Statimautem
685 1999 726 2058 ut
741 1986 809 2083 ipsi
825 1986 926 2083 Angli
943 1985 1064 2062 littora
1078 2002 1290 2081 tenuerunt,
1302 1996 1436 2064 custos¹

369 2100 459 2173 arcis
468 2102 599 2191 Tolcae,
613 2104 650 2175 in
664 2100 765 2175 collis
778 2102 912 2176 vertice
928 2103 1017 2192 sitae,
1032 2104 1156 2177 relicta
1170 2127 1270 2197 arce,
1283 2106 1436 2205 Anglicis

367 2214 488 2308 cessit;
507 2229 544 2289 et
558 2216 773 2289 lexovium¹
786 2239 901 2315 usque
919 2241 963 2291 es
980 2217 1066 2317 ipsis
1082 2218 1238 2317 Anglicis
1251 2219 1363 2319 aliqui
1377 2245 1436 2293 ve·

368 2331 508 2405 nientes
516 2333 611 2432 (quae
623 2334 747 2407 civitas
760 2358 803 2407 ex
816 2332 875 2407 illa
886 2331 978 2406 valle
989 2358 1051 2405 sex
1062 2332 1196 2431 gallicis
1208 2334 1438 2409 milliaribus⁸

368 2448 475 2523 distat
495 2475 517 2525 a
536 2451 670 2549 mari),
688 2451 794 2524 nullis
809 2448 881 2523 illic
897 2449 1161 2525 habitatoribus
1175 2451 1348 2542 inventis,
1367 2453 1436 2525 nisi

359 2564 987 2665 ,quodamsenehomineetquadam
996 2566 1435 2667 muliermda,ipsamcivi·

368 2696 477 2757 tatem
494 2707 675 2783 recepere.
692 2682 973 2757 Procedentibus
986 2707 1074 2757 vero
1087 2708 1153 2783 per
1167 2698 1278 2757 terras
1292 2682 1435 2757 infcrio-

369 2800 416 2871 ris
429 2798 675 2889 Ncrmanniae,
688 2824 773 2873 cum
788 2799 1059 2887 Cadomenses⁸,
1072 2798 1257 2899 aliquanto
1272 2813 1435 2899 tempore
1493 2812 1498 2827 ’

368 2913 515 3009 obsessi,
527 2916 750 3004 restitissent,
763 2940 922 3016 quorum
934 2933 1011 2991 erat
1024 2931 1111 2991 tunc
1122 2916 1434 3017 opulentissimum

368 3031 544 3131 oppidum
573 3046 609 3106 et
637 3034 878 3133 populosum,
915 3032 1016 3108 facile
1044 3034 1237 3135 expugnati
1270 3047 1307 3107 et
1339 3036 1434 3134 capti

368 3163 469 3240 sunt,
488 3148 628 3250 direpto
648 3150 805 3251 oppido,
828 3166 864 3223 et
886 3151 1009 3224 multis
1030 3176 1074 3225 ex
1096 3151 1234 3224 civibus
1249 3151 1436 3225 trucidatis

368 3264 511 3363 suisque
535 3265 761 3365 patrimoniis
789 3266 899 3339 etiam
921 3264 1095 3365 spoliatis.
1118 3269 1203 3339 Post
1225 3264 1434 3364 hujusmodi

368 3403 455 3453 vero
477 3378 616 3455 cladem
638 3380 715 3455 aliis
740 3380 894 3480 amplius
909 3380 1107 3470 deterritis,
1123 3379 1279 3481 plurima
1298 3380 1433 3481 oppida

369 3492 432 3595 [et]
449 3494 529 3569 loca
544 3496 721 3570 inferioris
734 3501 764 3569 N
767 3496 983 3588 ermanniae,
1000 3496 1101 3569 nullo
1118 3520 1220 3597 paene
1235 3497 1381 3593 negotio
1393 3497 1431 3569 in

293 3638 297 3647 ·
367 3610 588 3700 deditionem
602 3629 828 3713 receperunt.

417 3724 572 3823 Anglicis
587 3750 674 3799 vero
687 3725 734 3799 ad
751 3724 949 3799 obtinenda
964 3750 1044 3823 que
1057 3724 1207 3819 vellent,
1221 3721 1333 3798 facilis
1346 3738 1433 3797 tunc

369 3840 513 3941 patebat
533 3843 605 3917 via.
632 3846 723 3917 Nam
742 3868 826 3916 cum
849 3843 943 3917 inter
962 3869 1020 3935 se,
1045 3842 1109 3942 qui
1132 3840 1345 3916 dicebantur
1368 3842 1432 3913 dr·

368 3960 520 4033 meniaci
541 3974 578 4033 et
600 3960 892 4059 Burgundiones,
911 3958 1148 4035 acerbissimis
1163 3958 1257 4033 odiis
1273 3957 1430 4050 accensi,

281 4126 293 4135 -
367 4098 432 4174 per
456 4072 583 4151 omnes
605 4078 679 4152 lere
710 4080 812 4178 regni
843 4093 962 4179 partes
986 4079 1116 4179 jugiter
1142 4076 1370 4168 dimicarent,
1396 4089 1433 4150 et

367 4192 468 4291 regni
489 4194 679 4269 vastationi
694 4210 810 4296 atque
829 4198 1054 4299 populationi
1074 4194 1351 4297 propensissime
1376 4193 1433 4267 in·

408 4402 438 4459 l.
460 4399 654 4506 Cecapitaine
666 4402 735 4465 etait
746 4406 820 4465 Jean
826 4402 1007 4487 d'lngeune.
1015 4403 1195 4485 monstrelet,
1209 4404 1231 4464 l.
1240 4408 1268 4479 1,
1279 4424 1306 4466 c.
1320 4423 1428 4465 mm.

409 4492 439 4639 d
455 4492 596 4641 liii&
611 4582 953 4663 alteramenta·
967 4591 1058 4647 aaa.

409 4672 438 4729 4.
460 4673 515 4733 tas
527 4668 673 4733 mbiunu
684 4670 723 4735 de
737 4675 827 4737 cren
