3892 5892
736 907 848 968 [mli
866 909 1039 982 Qutttt'us
1203 931 1206 940 ·
1359 909 1416 968 oto

361 1056 478 1108 sacras
490 1029 648 1130 synodos
657 1033 966 1108 Constantiensem
983 1047 1019 1104 et
1032 1031 1279 1122 Besileeussm‚
1293 1031 1417 1106 obser·

362 1151 481 1226 venda
494 1151 532 1221 in
548 1174 660 1246 regno
682 1173 750 1224 suo
766 1164 802 1222 et
824 1149 1062 1250 Delphinum,
1082 1151 1330 1225 cumconsilio
1342 1175 1417 1224 ms·

358 1268 449 1365 jeris
464 1291 506 1340 ac
518 1267 668 1345 sanioris
680 1267 791 1366 partis
801 1266 1029 1365 praelatorum
1042 1283 1082 1340 et
1097 1267 1182 1344 cleri
1199 1269 1308 1342 totius
1320 1271 1420 1365 regui

363 1385 437 1475 sui,
456 1397 493 1457 et
514 1407 658 1456 assensu
673 1383 878 1482 principum
894 1385 1076 1481 sanguinis
1097 1387 1153 1458 sui
1170 1409 1212 1478 ac
1228 1409 1421 1485 procerum

364 1499 523 1597 ejusdem
536 1500 654 1598 regni,
666 1498 734 1572 sub
747 1501 932 1577 sanetione
942 1501 1160 1599 pragmatica
1170 1502 1305 1600 recepit
1314 1515 1420 1600 etque

363 1615 546 1689 decreuit:
565 1617 642 1688 sola
662 1617 901 1693 reservatione
914 1613 962 1688 de
983 1615 1200 1691 beneficiatis
1214 1615 1423 1690 cedentibus

363 1725 422 1802 rei
445 1725 700 1800 decedentibus
720 1725 823 1826 epud
846 1725 1079 1824 apostolicum
1093 1727 1238 1816 sedem,
1259 1731 1422 1809 Romano

363 1841 525 1942 pontifici
540 1855 719 1916 reservata
734 1844 787 1939 (in
804 1843 941 1914 certeris
952 1843 1065 1934 enirn,
1083 1842 1314 1936 electoribus,
1334 1867 1423 1916 eon·

362 1955 630 2049 firmatoribus,
658 1956 891 2032 collateribus
913 1972 948 2030 et
971 1960 1132 2057 patronis
1160 1960 1421 2056 ecelesiasticis,

365 2073 566 2151 seeundum
583 2074 737 2147 formam
749 2075 839 2171 juris
855 2088 891 2148 et
904 2073 1134 2173 antiquorum
1150 2099 1350 2170 munuum,
1366 2077 1425 2173 jus
1491 2061 1492 2066 ¹

365 2214 473 2263 suum
486 2191 678 2288 integrum,
690 2206 730 2277 ut
741 2192 832 2265 rutio
846 2189 970 2284 dietat,
982 2190 1226 2289 servabatur);
1244 2207 1335 2267 etex
1353 2192 1426 2266 hoe

365 2307 464 2405 regia
478 2308 548 2398 Iex,
564 2309 638 2380 ime
651 2309 768 2380 aerius
780 2305 1037 2399 ecelesiastica,
1052 2306 1228 2380 secularis
1242 2310 1426 2406 potestatis

364 2423 546 2521 adjutorio
558 2421 947 2512 suffultuaeroboreta,
960 2422 1070 2518 vulgo
1083 2453 1101 2492 e
1113 2425 1334 2521 Pragmatius
1345 2447 1427 2496 sau-

365 2541 438 2614 ciio
455 2569 475 2608 tt
492 2539 702 2640 appellaw.

415 2658 470 2731 td
485 2681 566 2732 eam
588 2683 677 2732 uero
702 2655 918 2737 abolendam
943 2673 981 2731 et
1007 2657 1241 2738 restituendus
1265 2658 1428 2735 Euclesiae

368 2779 537 2848 Romanae
549 2776 808 2850 reservetioues
817 2827 828 2864 ,
838 2774 898 2872 jus
911 2775 1187 2850 ordinariorum
1197 2774 1355 2876 quendam
1368 2801 1429 2850 ue·

366 2890 420 2966 lut
435 2893 620 2991 tyrannim
635 2906 809 2994 potestate
825 2915 869 2966 ae
883 2892 920 2964 vi
936 2891 1073 2989 majore
1088 2891 1254 2966 tollentes
1269 2905 1305 2964 et
1320 2915 1429 2966 oecu-

368 3025 512 3109 pentes,
537 3034 614 3084 non
636 3009 762 3110 paucis·
783 3007 907 3082 referri
927 3009 1041 3108 possit
1061 3009 1202 3107 quoties
1224 3005 1360 3106 legates
1383 3007 1431 3082 ud

369 3123 506 3196 dionem
518 3145 639 3222 regem
656 3125 839 3196 Romanus
849 3123 1007 3222 pontifex
1023 3123 1233 3216 destinavit,
1249 3149 1348 3201 nuos
1360 3149 1433 3198 cer·

370 3239 527 3330 diuales,
559 3263 659 3315 nunc
687 3237 876 3312 inferiores
900 3237 1085 3336 praedatum
1117 3252 1208 3334 quot
1234 3254 1432 3312 conuentus

371 3352 535 3427 Ecclesiae
550 3369 585 3426 et
600 3353 687 3426 oleri
704 3350 878 3424 Geliieaui
894 3349 992 3428 idern
1012 3375 1073 3422 rex
1095 3351 1145 3424 ob
1168 3351 1263 3424 benc
1287 3376 1432 3426 mirsam

371 3473 408 3542 in
419 3467 733 3543 variiseediversis
745 3465 968 3566 temporibus
978 3463 1152 3540 celebrari
1162 3466 1285 3540 feeerit
1298 3467 1432 3545 Retho-

372 3585 481 3684 magi,
492 3585 639 3658 Caruoti
655 3597 692 3656 et
706 3584 836 3667 iterum
850 3581 1044 3672 Bituricis¹‚
1059 3596 1095 3655 et
1108 3582 1144 3654 in
1157 3581 1233 3658 eliis
1250 3582 1434 3659 nonnullis

372 3703 473 3778 loeis.
485 3701 557 3775 Sed
573 3715 710 3800 quanto
726 3700 839 3798 magis
853 3699 892 3772 iu
905 3696 1071 3784 eamdent
1088 3697 1346 3796 Pragmatioum
1364 3701 1435 3773 Ilo·

342 3824 344 3831 '
373 3845 479 3896 mana
495 3820 595 3894 curia
618 3819 767 3916 ejusque
793 3816 949 3892 fautores
972 3815 1173 3914 impingere
1198 3827 1432 3902 conarentur,

374 3954 474 4014 tanto
490 3938 630 4012 firmior
644 3952 751 4035 atque
775 3935 925 4008 solidior
941 3931 1136 4007 resultabat
1160 3933 1256 4032 ipsa,
1272 3932 1433 4029 justitiae,

374 4057 568 4158 equitatis,
585 4054 783 4129 honestatis
798 4077 841 4126 ac
860 4051 1155 4126 manifestissimae
1171 4048 1324 4148 publice
1341 4048 1435 4122 utili·

416 4314 445 4372 I.
466 4313 508 4370 le
521 4321 599 4371 texte
611 4322 655 4370 est
667 4305 778 4368 densis
792 4308 905 4367 Iieeuer'l
918 4307 968 4362 des
982 4305 1067 4375 Orci..
1078 4315 1100 4360 t.
1115 4305 1200 4378 xm,
1212 4321 1244 4382 p.
1258 4303 1329 4368 167.

414 4403 445 4459 2.
467 4398 634 4460 Assembiee
650 4398 692 4458 du
705 4397 813 4477 cierge,
827 4397 846 4455 t
859 4399 978 4468 neuen,
994 4411 1031 4454 ert
1043 4391 1158 4467 jaurier
1177 4395 1254 4456 libb
1266 4395 1439 4466 (neamus
1534 4391 1537 4401 ¹

374 4491 518 4563 anecdot„
530 4492 560 4563 t,
570 4491 678 4564 totu„
691 4491 709 4547 a
724 4486 870 4560 chartres,
884 4501 922 4542 en
939 4481 998 4542 mei
1014 4483 1092 4544 ttuo
1107 4481 1215 4556 (Gallie
1231 4480 1347 4556 ceree,
1359 4483 1437 4556 VIII,

378 4579 483 4652 ¹184ss
493 4579 509 4634 i
521 4577 661 4654 bourges,
673 4574 786 4656 pourlu
797 4569 922 4631 seconde
931 4569 999 4646 tois,
1008 4589 1046 4630 en
1055 4569 1218 4650 septembre
1228 4572 1306 4630 mo
1315 4574 1442 4646 (recreet

377 4669 428 4726 des
443 4665 627 4738 ord.‚xn1‚
641 4664 723 4736 267).
1207 4683 1210 4691 ‘
