3892 5892
507 910 546 966 72
795 908 1051 969 fflsromanuu
1070 910 1209 968 canon
1226 912 1279 968 vn

395 1128 397 1133 7
507 1032 640 1106 ducatu
651 1035 910 1132 signisquesuis
919 1033 1144 1123 militaribus,
1157 1035 1568 1135 fortissimasbnglorum

506 1168 605 1218 arces
623 1161 658 1219 et
674 1149 892 1221 munitiones
909 1149 1115 1246 irruperunt
1134 1163 1242 1247 atque
1263 1163 1511 1249 penetrarunt,
1528 1166 1568 1223 ut

495 1242 606 1336 'nullo
625 1288 727 1363 paene
749 1265 894 1361 negotio
915 1288 972 1337 res
991 1279 1066 1337 tam
1088 1264 1220 1339 arduas
1237 1278 1344 1363 atque
1363 1266 1568 1364 magnificas

506 1394 632 1452 contra
644 1380 880 1453 validissimos
889 1379 1011 1453 hostes
1020 1374 1143 1477 gerere
1153 1380 1373 1454 viderentur.
1383 1386 1569 1482 Expugna-

505 1494 551 1565 tis
567 1496 689 1593 itaque
707 1494 848 1567 duabus
861 1510 923 1567 aut
939 1494 1053 1568 tribus
1066 1520 1109 1569 ex
1125 1496 1210 1595 ipsis
1220 1496 1384 1588 bastiliis,
1402 1498 1500 1570 caesis
1511 1496 1568 1569 lu·

506 1611 626 1709 sisque
651 1611 833 1702 hostibus,
863 1612 925 1709 qui
954 1613 992 1683 in
1019 1612 1152 1685 caeteris
1176 1626 1405 1711 supererant,
1433 1613 1568 1687 eisdem

507 1726 654 1820 relictis,
673 1752 739 1825 per
762 1727 881 1825 sugam
904 1727 1008 1799 saluti
1032 1752 1104 1799 suae
1128 1728 1315 1801 consulere
1336 1736 1535 1801 statuerunt
1543 1733 1565 1802 ¹.

507 1842 639 1915 Castris
656 1857 776 1915 autem
793 1845 956 1942 ipsorum
974 1843 1170 1939 Anglorum
1184 1842 1346 1942 direptis,
1365 1868 1464 1917 arces
1486 1845 1570 1943 ipsae

508 1981 571 2030 seu
595 1956 758 2049 hastiliae,
777 1984 856 2057 quae
871 1983 940 2059 pro
963 1960 1086 2033 castris
1101 1959 1148 2032 ab
1164 1960 1267 2061 ipsiS,
1285 1961 1396 2033 instar
1416 1961 1571 2062 oppido·

444 2062 445 2065 ¹
509 2096 591 2143 mm
611 2098 673 2146 seu
701 2074 949 2167 castellomm,
978 2074 1083 2171 lignis
1109 2074 1361 2175 lapidibusque
1386 2091 1570 2149 exstructae

510 2204 624 2281 erant,
640 2214 766 2262 omnes
778 2206 942 2264 crematae
954 2205 1050 2284 sunt,
1062 2204 1099 2263 ct
1113 2191 1164 2263 sic
1180 2192 1315 2284 civitas,
1334 2191 1441 2290 longa
1452 2193 1573 2267 inedia

512 2304 653 2403 fatigata
669 2320 705 2379 et
724 2306 907 2398 conlecta,
927 2306 1058 2396 taliter,
1079 2306 1204 2379 divino
1226 2323 1315 2379 nutu
1336 2322 1443 2408 atque
1466 2311 1573 2382 mise·

508 2422 668 2511 ratione,
691 2420 758 2493 sub
783 2420 916 2495 ducatu
941 2421 1118 2521 praedictae
1141 2425 1306 2515 loannae,
1325 2420 1574 2518 hujuscemodi

512 2536 680 2637 periculis
696 2553 804 2637 atque
819 2538 1059 2612 incommodis
1075 2537 1222 2610 liberata
1236 2553 1302 2610 est.

564 2654 731 2751 Reliquiae
744 2668 864 2727 autem
880 2656 1075 2752 Anglorum
1091 2653 1137 2727 ad
1149 2654 1288 2729 diversa
1302 2656 1436 2756 oppida
1448 2672 1483 2729 et
1496 2657 1576 2732 loca

515 2769 744 2840 transierunt.
773 2774 874 2855 Quos
901 2782 1041 2840 tantum
1073 2793 1208 2841 nomen
1238 2768 1402 2868 famaque
1427 2772 1573 2866 Puellae,

515 2906 594 2980 quae
610 2896 697 2953 ωηο
709 2907 775 2982 per
788 2906 935 2954 ornnem
952 2881 1104 2955 Galliam
1118 2884 1282 2955 omnium
1300 2909 1363 2958 ore
1379 2886 1578 2961 celebraba-

516 3012 587 3087 tur,
599 2997 784 3068 exterritos
796 3010 931 3094 egerat,
944 3011 983 3068 ut
996 2996 1086 3068 nibil
1095 3022 1210 3097 prope
1218 2999 1293 3097 spei
1305 3001 1343 3072 in
1354 3000 1574 3095 defensione,

516 3113 580 3185 sed
593 3112 630 3183 in
643 3111 718 3184 sola
732 3112 814 3209 fuga
826 3111 1031 3212 praesidium
1044 3138 1226 3213 superesse
1237 3114 1371 3187 eisdem
1381 3118 1575 3196 videretur.

521 3233 570 3299 Ex
586 3242 673 3299 tunc
685 3227 885 3325 Anglicanae
898 3229 1031 3326 sagittae
1049 3227 1132 3301 lerri
1149 3229 1240 3301 acies
1259 3244 1394 3317 retusa,
1409 3233 1579 3329 quemad-

521 3343 671 3417 modum
685 3370 750 3445 per
766 3359 862 3437 ante,
881 3359 1069 3443 penetrare
1087 3369 1162 3416 non
1177 3345 1294 3444 potuit
1306 3374 1321 3456 3·
1339 3370 1382 3417 ex
1404 3362 1490 3420 tunc
1505 3348 1578 3420 sor-

520 3476 614 3532 tunae
629 3485 753 3533 cursus
777 3462 1004 3553 immutatus3
1029 3486 1074 3533 ex
1096 3474 1183 3532 tunc
1201 3466 1422 3533 Francorum
1443 3488 1500 3536 res
1518 3463 1581 3536 de·

517 3579 618 3677 jectae
635 3594 892 3677 prostrataeqne
906 3578 992 3675 erigi
1004 3591 1040 3649 et
1052 3579 1089 3648 in
1102 3602 1204 3676 spem
1216 3578 1401 3650 meliorem
1411 3579 1576 3672 relevari,

522 3694 717 3791 Anglorum
733 3718 836 3784 vero,
858 3715 948 3791 quas
965 3690 1240 3765 secundissimas
1255 3692 1428 3770 hactenus
1443 3693 1582 3767 habue-

520 3827 622 3901 rant,
641 3825 737 3884 retro
762 3811 872 3882 lluere
895 3808 1077 3906 dilabique
1100 3823 1297 3909 coeperunt.
1328 3815 1459 3883 Tantus
1484 3812 1581 3884 enim

520 3940 563 4000 ex
581 3926 659 4000 solo
674 3925 812 4003 ¹Puellae
830 3926 978 3998 nomine
1002 3947 1129 3998 eorum
1152 3925 1281 3997 animis
1297 3950 1412 4025 pavor
1428 3926 1582 4000 incesse·

521 4056 576 4116 rat
597 4058 637 4115 ut
658 4055 881 4115 sacramento
907 4064 1040 4136 magno
1062 4063 1189 4111 eorum
1212 4039 1356 4138 plurimi
1378 4040 1579 4135 firmarent,

521 4157 642 4255 qood,
661 4158 739 4231 solo
756 4182 801 4231 eo
818 4156 941 4229 audito
966 4170 1028 4227 aut
1049 4155 1125 4252 ejus
1146 4156 1348 4254 conspectis
1369 4158 1496 4255 signis,
1515 4182 1583 4231 nec

520 4275 719 4350 reluctandi
747 4274 840 4346 vires
862 4274 1096 4370 animumque
1112 4270 1171 4342 vel
1186 4295 1289 4344 orcus
1309 4272 1528 4347 extendendi
1548 4287 1584 4347 et

560 4476 588 4534 l.
611 4476 685 4533 Tout
698 4492 731 4533 ce
744 4472 815 4533 recit
829 4471 865 4531 de
879 4470 1017 4548 l'attaque
1031 4481 1061 4529 et
1074 4467 1111 4528 de
1123 4437 1238 4548 laprise
1253 4465 1304 4527 des
1314 4468 1444 4530 bastilles
1459 4469 1496 4531 de
1509 4468 1584 4530 l’eu-

518 4578 563 4624 tre
575 4564 638 4623 οόῑέ
654 4563 691 4624 de
706 4564 733 4623 la
746 4565 843 4636 boire,
859 4576 902 4621 est
918 4580 976 4621 une
988 4580 1101 4623 errem.
1113 4563 1155 4620 La
1167 4559 1238 4618 ville
1253 4559 1297 4618 lut
1310 4558 1438 4621 delivree
1451 4561 1502 4620 des
1524 4579 1583 4639 que

520 4652 561 4713 les
571 4651 710 4731 positione
725 4649 761 4710 de
775 4649 802 4709 la
817 4650 880 4710 rive
893 4649 1006 4729 gaucbe
1019 4662 1122 4710 curent
1134 4650 1180 4709 dte
1193 4649 1315 4711 lorcees.
