3892 5892
745 936 855 994 Lmen
875 937 1046 1012 Qumws.
1355 938 1412 997 ³27

357 1069 449 1129 esset
472 1071 509 1130 et
531 1071 745 1157 angustum,
772 1059 842 1131 nisi
867 1084 934 1160 pro
960 1083 998 1132 se
1024 1071 1059 1132 et
1084 1055 1293 1133 satellitibus
1319 1059 1411 1152 suis,

357 1169 568 1270 hospitium.
602 1172 792 1264 Quaerebat
823 1175 922 1247 enirn
950 1173 1181 1248 solitudinem
1214 1175 1260 1247 ad
1293 1199 1416 1272 greges

357 1301 560 1374 scortorum
585 1306 621 1364 et
646 1289 905 1382 exsoletorum,
929 1314 1021 1387 quos
1045 1313 1185 1390 semper
1212 1289 1416 1362 circumdu-

357 1403 481 1492 cebat,
490 1405 645 1479 ‘liberius
660 1419 697 1478 et
710 1406 865 1505 quietius
880 1406 1108 1492 retinendos,
1125 1407 1268 1503 suisque
1282 1404 1417 1478 deliciis

358 1517 503 1592 uberius
518 1521 787 1620 perfruendum,
811 1545 940 1594 cavens
956 1536 1106 1610 utnon,
1126 1521 1192 1594 nisi
1209 1545 1230 1593 a
1245 1521 1413 1620 pancissi⁴

360 1634 426 1711 ruis
444 1633 522 1709 fieri
542 1652 679 1736 posset,
696 1639 732 1709 in
748 1636 884 1710 eisdem
899 1636 1195 1734 interpellaretur.
1216 1635 1319 1708 Unde
1336 1633 1417 1733 plu-

357 1749 449 1824 rima
459 1749 673 1827 detrimenta
683 1767 800 1826 totum
812 1777 963 1849 regnum
978 1751 1197 1850 patiebatur-3
1212 1751 1417 1851 parcissime

358 1865 455 1937 enim
474 1865 521 1940 ad
539 1868 616 1965 ejus
633 1868 856 1966 praesentiam
877 1867 1159 1967 provincialibus
1175 1882 1211 1940 et
1228 1866 1417 1965 regnicolis

358 1983 592 2080 praestabatur
605 1985 788 2060 audientia
803 1985 860 2058 rel
873 2009 1053 2075 accessus;
1068 1984 1131 2058 sed
1144 1985 1418 2058 corrodentibus

358 2098 482 2172 omnia
506 2099 655 2173 canibus
677 2101 745 2174 illis
768 2100 950 2202 palatinis,
978 2098 1257 2173 assentatoribus
1284 2100 1417 2199 volup

359 2224 543 2312 latumque
577 2218 767 2310 ministris,
802 2240 870 2316 pro
906 2214 1164 2290 mediatoribus
1198 2237 1290 2313 opus
1322 2230 1415 2306 erat,

358 2352 515 2425 quorum
532 2355 642 2432 opera
666 2357 748 2406 rara
766 2332 811 2404 ad
832 2356 936 2404 aures
955 2331 1127 2431 principis
1145 2330 1273 2402 veritas
1292 2355 1418 2429 perve-
1526 2369 1528 2378 v

358 2443 498 2535 niebat,
522 2462 557 2519 et
577 2451 693 2523 rarius
713 2473 779 2548 pro
799 2448 945 2549 publica
963 2448 1113 2521 utilitate
1132 2445 1280 2518 consilia
1300 2445 1347 2518 ab
1367 2447 1418 2520 eis

358 2561 629 2656 praestabantur.

407 2678 478 2750 Sed
499 2681 660 2779 quamvis
686 2681 768 2755 talia
793 2694 829 2754 et
849 2680 952 2780 plura
975 2679 1045 2752 alia
1064 2691 1180 2750 essent
1191 2732 1201 2768 ,
1224 2677 1261 2749 in
1285 2675 1418 2774 quibus

360 2815 460 2864 more
482 2794 644 2870 humano
664 2796 925 2870 rationabiliter
946 2792 1060 2894 culpae
1084 2791 1285 2889 regentium
1310 2806 1418 2890 atque

357 2909 579 3008 negligentia
605 2927 772 3013 poterant
801 2911 1036 3013 reprebendi,
1070 2923 1209 2999 minen,
1243 2907 1416 3006 quemad·

359 3025 509 3100 modum
532 3028 579 3102 de
602 3033 763 3104 Romana
785 3028 968 3128 republica
988 3026 1133 3125 Crispus
1154 3023 1314 3122 quodam
1335 3021 1416 3096 loco

358 3139 427 3231 ait,
452 3167 537 3216 cum
560 3159 647 3218 tunc
670 3148 707 3218 in
732 3169 844 3242 regno
864 3145 1033 3216 universo
1053 3141 1101 3214 ab
1133 3141 1241 3214 armis
1260 3139 1417 3238 quiesce·

359 3269 471 3347 retur,
507 3289 526 3326 α
552 3260 752 3358 respublica
781 3285 845 3333 sua
872 3255 1118 3354 magnitudine
1148 3257 1416 3351 magistratuum

360 3369 443 3442 vitia
457 3370 677 3465 tolerabat»,
690 3372 982 3470 coalescebatque
995 3369 1226 3471 pedetentim,
1240 3381 1275 3440 et
1289 3369 1326 3440 iu
1341 3393 1417 3440 me·

359 3481 485 3557 liorem
502 3487 696 3587 aliquando
711 3503 843 3562 statum
860 3512 904 3560 ex
918 3487 1117 3564 vastatione
1134 3500 1170 3558 et
1185 3483 1418 3584 populatione

359 3615 529 3690 extrema,
544 3628 634 3701 quas
646 3603 823 3678 bellorum
840 3603 993 3676 feritates
1007 3600 1212 3693 intulerant,
1226 3614 1418 3697 utcumque

361 3721 584 3822 resurgebat;
603 3739 639 3798 et
653 3724 819 3798 redibant
831 3723 878 3797 ad
894 3721 1069 3795 culturam
1087 3720 1122 3791 in
1141 3717 1317 3817 plerisque
1330 3713 1419 3788 locis

360 3841 451 3937 agri,
469 3855 504 3912 et
518 3840 652 3914 fiebant
668 3840 812 3914 novalia
828 3838 889 3912 ubi
899 3892 909 3930 ,
921 3862 987 3938 per
1001 3859 1117 3909 annos
1133 3835 1276 3932 triginta
1291 3845 1327 3904 et
1343 3855 1420 3903 arn-

361 3956 474 4054 plius,
493 3957 712 4056 squalentes,
735 3955 859 4030 inculti
883 3969 919 4028 et
936 3951 1128 4028 arboribus
1144 3964 1250 4048 atque
1266 3947 1421 4021 dumetis

361 4073 496 4170 oppleti
514 4075 712 4171 jacuerant.
742 4071 813 4145 Sed
839 4071 1022 4172 prolecto,
1054 4070 1084 4141 si
1109 4081 1320 4166 postquam,
1355 4065 1421 4136 Dei

362 4191 589 4262 miseratione
604 4189 714 4290 pulsis
737 4188 921 4278 hostibus,
941 4187 1041 4284 regio
1059 4197 1185 4285 pacata
1201 4182 1286 4272 luit,
1305 4205 1422 4280 popu·

362 4302 416 4374 lus
433 4329 454 4376 a
473 4302 609 4377 tributo
632 4321 668 4378 et
694 4304 838 4393 militia,
858 4326 920 4375 scu
944 4297 1169 4399 alter[utr]o,
1189 4296 1246 4369 vel
1268 4297 1305 4369 in
1324 4309 1423 4394 parte

362 4417 496 4490 levatus
521 4420 660 4510 inisset,
684 4419 765 4520 plus
787 4420 824 4490 in
848 4417 970 4514 viginti
993 4417 1097 4490 annis
1119 4439 1175 4486 res
1196 4414 1303 4484 totius
1323 4408 1423 4508 regni

361 4535 493 4608 mirum
526 4537 563 4607 in
591 4538 741 4610 modum
765 4535 890 4608 lacerae
915 4558 958 4606 ac
983 4533 1131 4606 desertae
1161 4527 1425 4602 convaluissent

362 4667 469 4751 atque
489 4653 690 4724 instauratae
706 4651 873 4744 luissent,
893 4673 1003 4747 quarn
1025 4649 1062 4720 in
1083 4661 1229 4720 centurn
1250 4642 1426 4718 convale-
