<?xml version="1.0" encoding="UTF-8"?>
<!DOCTYPE html PUBLIC "-//W3C//DTD XHTML 1.0 Transitional//EN"
    "http://www.w3.org/TR/xhtml1/DTD/xhtml1-transitional.dtd">
<html xmlns="http://www.w3.org/1999/xhtml" xml:lang="en" lang="en">
 <head>
  <title>
</title>
<meta http-equiv="Content-Type" content="text/html;charset=utf-8" />
  <meta name='ocr-system' content='tesseract 3.04.00' />
  <meta name='ocr-capabilities' content='ocr_page ocr_carea ocr_par ocr_line ocrx_word'/>
</head>
<body>
  <div class='ocr_page' id='page_1' title='image "./histoiredesrgne01amelgoog_0322.png"; bbox 0 0 3892 5892; ppageno 0'>
   <div class='ocr_carea' id='block_1_1' title="bbox 539 841 1307 901">
    <p class='ocr_par' dir='ltr' id='par_1_1' title="bbox 539 841 1307 901">
     <span class='ocr_line' id='line_1_1' title="bbox 539 841 1307 901; baseline -0.005 0"><span class='ocrx_word' id='word_1_1' title='bbox 539 844 597 901; x_wconf 75' lang='lat'><strong>124</strong></span> <span class='ocrx_word' id='word_1_2' title='bbox 824 841 1078 901; x_wconf 74' lang='lat' dir='ltr'><strong>fflstottttttttu</strong></span> <span class='ocrx_word' id='word_1_3' title='bbox 1098 841 1234 899; x_wconf 77' lang='lat' dir='ltr'><strong>caton</strong></span> <span class='ocrx_word' id='word_1_4' title='bbox 1253 842 1307 898; x_wconf 85' lang='lat' dir='ltr'><strong>vn</strong></span> 
     </span>
    </p>
   </div>
   <div class='ocr_carea' id='block_1_2' title="bbox 474 943 1600 4644">
    <p class='ocr_par' dir='ltr' id='par_1_2' title="bbox 538 943 1599 1985">
     <span class='ocr_line' id='line_1_2' title="bbox 538 943 1598 1063; baseline -0.003 -26"><span class='ocrx_word' id='word_1_5' title='bbox 538 970 601 1063; x_wconf 83' lang='lat' dir='ltr'><strong>giae</strong></span> <span class='ocrx_word' id='word_1_6' title='bbox 621 964 717 1037; x_wconf 91' lang='lat' dir='ltr'><strong>urbis</strong></span> <span class='ocrx_word' id='word_1_7' title='bbox 732 979 862 1038; x_wconf 88' lang='lat' dir='ltr'><strong>cuncta</strong></span> <span class='ocrx_word' id='word_1_8' title='bbox 877 943 1074 1037; x_wconf 80' lang='lat' dir='ltr'><strong>necessaria</strong></span> <span class='ocrx_word' id='word_1_9' title='bbox 1096 963 1225 1036; x_wconf 84' lang='lat' dir='ltr'>advehi</span> <span class='ocrx_word' id='word_1_10' title='bbox 1247 964 1392 1040; x_wconf 88' lang='lat' dir='ltr'><strong>solitum</strong></span> <span class='ocrx_word' id='word_1_11' title='bbox 1415 976 1482 1034; x_wconf 85' lang='lat' dir='ltr'><strong>est.</strong></span> <span class='ocrx_word' id='word_1_12' title='bbox 1501 964 1598 1035; x_wconf 93' lang='lat' dir='ltr'><strong>Cum</strong></span> 
     </span>
     <span class='ocr_line' id='line_1_3' title="bbox 540 1076 1599 1180; baseline -0.003 -28"><span class='ocrx_word' id='word_1_13' title='bbox 540 1082 644 1153; x_wconf 86' lang='lat' dir='ltr'><strong>etiam</strong></span> <span class='ocrx_word' id='word_1_14' title='bbox 666 1081 731 1180; x_wconf 92' lang='lat' dir='ltr'><strong>ipsi</strong></span> <span class='ocrx_word' id='word_1_15' title='bbox 755 1079 948 1177; x_wconf 80' lang='lat' dir='ltr'><strong>Anglorum</strong></span> <span class='ocrx_word' id='word_1_16' title='bbox 967 1080 1094 1151; x_wconf 82' lang='lat' dir='ltr'><strong>milites</strong></span> <span class='ocrx_word' id='word_1_17' title='bbox 1115 1105 1159 1151; x_wconf 84' lang='lat' dir='ltr'><strong>ex</strong></span> <span class='ocrx_word' id='word_1_18' title='bbox 1172 1078 1380 1176; x_wconf 91' lang='lat' dir='ltr'><strong>hujusmodi</strong></span> <span class='ocrx_word' id='word_1_19' title='bbox 1402 1076 1544 1177; x_wconf 81' lang='lat' dir='ltr'>oppidis</span> <span class='ocrx_word' id='word_1_20' title='bbox 1558 1091 1599 1150; x_wconf 89' lang='lat' dir='ltr'><strong>et</strong></span> 
     </span>
     <span class='ocr_line' id='line_1_4' title="bbox 539 1195 1598 1293; baseline -0.002 -25"><span class='ocrx_word' id='word_1_21' title='bbox 539 1195 680 1268; x_wconf 83' lang='lat' dir='ltr'><strong>arcibus</strong></span> <span class='ocrx_word' id='word_1_22' title='bbox 704 1195 866 1293; x_wconf 88' lang='lat' dir='ltr'><strong>quotidie</strong></span> <span class='ocrx_word' id='word_1_23' title='bbox 891 1220 1175 1293; x_wconf 86' lang='lat' dir='ltr'><strong>quaquaversum</strong></span> <span class='ocrx_word' id='word_1_24' title='bbox 1191 1196 1372 1280; x_wconf 79' lang='lat' dir='ltr'>incursare</span> <span class='ocrx_word' id='word_1_25' title='bbox 1387 1219 1463 1266; x_wconf 91' lang='lat' dir='ltr'><strong>non</strong></span> <span class='ocrx_word' id='word_1_26' title='bbox 1479 1218 1598 1266; x_wconf 87' lang='lat' dir='ltr'><strong>cessa-</strong></span> 
     </span>
     <span class='ocr_line' id='line_1_5' title="bbox 539 1307 1597 1409; baseline -0.002 -26"><span class='ocrx_word' id='word_1_27' title='bbox 539 1326 638 1403; x_wconf 84' lang='lat' dir='ltr'>rent,</span> <span class='ocrx_word' id='word_1_28' title='bbox 666 1310 754 1383; x_wconf 93' lang='lat' dir='ltr'><strong>nulli</strong></span> <span class='ocrx_word' id='word_1_29' title='bbox 777 1336 841 1407; x_wconf 89' lang='lat' dir='ltr'><strong>per</strong></span> <span class='ocrx_word' id='word_1_30' title='bbox 871 1326 981 1382; x_wconf 86' lang='lat' dir='ltr'><strong>terras</strong></span> <span class='ocrx_word' id='word_1_31' title='bbox 1008 1335 1152 1408; x_wconf 90' lang='lat' dir='ltr'><strong>quoque</strong></span> <span class='ocrx_word' id='word_1_32' title='bbox 1176 1307 1425 1409; x_wconf 84' lang='lat' dir='ltr'><strong>proficiscendi</strong></span> <span class='ocrx_word' id='word_1_33' title='bbox 1451 1332 1597 1381; x_wconf 89' lang='lat' dir='ltr'><strong>securus</strong></span> 
     </span>
     <span class='ocr_line' id='line_1_6' title="bbox 539 1424 1596 1525; baseline -0.001 -28"><span class='ocrx_word' id='word_1_34' title='bbox 539 1441 680 1525; x_wconf 87' lang='lat' dir='ltr'><strong>poterat</strong></span> <span class='ocrx_word' id='word_1_35' title='bbox 695 1450 769 1498; x_wconf 90' lang='lat' dir='ltr'><strong>esse</strong></span> <span class='ocrx_word' id='word_1_36' title='bbox 793 1426 981 1517; x_wconf 82' lang='lat' dir='ltr'><strong>transitus3</strong></span> <span class='ocrx_word' id='word_1_37' title='bbox 1000 1450 1067 1498; x_wconf 91' lang='lat' dir='ltr'><strong>nec</strong></span> <span class='ocrx_word' id='word_1_38' title='bbox 1081 1450 1250 1524; x_wconf 85' lang='lat' dir='ltr'><strong>agrorum</strong></span> <span class='ocrx_word' id='word_1_39' title='bbox 1268 1424 1421 1496; x_wconf 88' lang='lat' dir='ltr'><strong>cultores</strong></span> <span class='ocrx_word' id='word_1_40' title='bbox 1443 1448 1596 1522; x_wconf 84' lang='lat' dir='ltr'><strong>usquam</strong></span> 
     </span>
     <span class='ocr_line' id='line_1_7' title="bbox 540 1540 1596 1641; baseline -0.001 -28"><span class='ocrx_word' id='word_1_41' title='bbox 540 1544 577 1615; x_wconf 90' lang='lat' dir='ltr'><strong>in</strong></span> <span class='ocrx_word' id='word_1_42' title='bbox 594 1568 676 1615; x_wconf 91' lang='lat' dir='ltr'><strong>rure</strong></span> <span class='ocrx_word' id='word_1_43' title='bbox 695 1556 771 1615; x_wconf 90' lang='lat' dir='ltr'><strong>tuto</strong></span> <span class='ocrx_word' id='word_1_44' title='bbox 788 1566 997 1639; x_wconf 87' lang='lat' dir='ltr'><strong>permanere</strong></span> <span class='ocrx_word' id='word_1_45' title='bbox 1012 1557 1197 1641; x_wconf 86' lang='lat' dir='ltr'><strong>poterant,</strong></span> <span class='ocrx_word' id='word_1_46' title='bbox 1216 1564 1318 1629; x_wconf 89' lang='lat' dir='ltr'><strong>curn,</strong></span> <span class='ocrx_word' id='word_1_47' title='bbox 1333 1540 1596 1623; x_wconf 80' lang='lat' dir='ltr'><strong>incursantibus</strong></span> 
     </span>
     <span class='ocr_line' id='line_1_8' title="bbox 542 1653 1597 1757; baseline -0.003 -29"><span class='ocrx_word' id='word_1_48' title='bbox 542 1656 673 1755; x_wconf 88' lang='lat' dir='ltr'><strong>ubique</strong></span> <span class='ocrx_word' id='word_1_49' title='bbox 696 1658 857 1729; x_wconf 74' lang='lat' dir='ltr'><strong>hostibus</strong></span> <span class='ocrx_word' id='word_1_50' title='bbox 880 1672 914 1729; x_wconf 89' lang='lat' dir='ltr'><strong>et</strong></span> <span class='ocrx_word' id='word_1_51' title='bbox 938 1658 1040 1754; x_wconf 84' lang='lat' dir='ltr'><strong>regiis</strong></span> <span class='ocrx_word' id='word_1_52' title='bbox 1060 1660 1191 1757; x_wconf 87' lang='lat' dir='ltr'><strong>pariter</strong></span> <span class='ocrx_word' id='word_1_53' title='bbox 1215 1656 1376 1747; x_wconf 86' lang='lat' dir='ltr'><strong>armatis,</strong></span> <span class='ocrx_word' id='word_1_54' title='bbox 1404 1653 1597 1752; x_wconf 88' lang='lat' dir='ltr'><strong>unicuique</strong></span> 
     </span>
     <span class='ocr_line' id='line_1_9' title="bbox 541 1769 1596 1873; baseline 0 -30"><span class='ocrx_word' id='word_1_55' title='bbox 541 1785 702 1870; x_wconf 91' lang='lat' dir='ltr'><strong>paterent</strong></span> <span class='ocrx_word' id='word_1_56' title='bbox 718 1772 863 1871; x_wconf 84' lang='lat' dir='ltr'><strong>praedae,</strong></span> <span class='ocrx_word' id='word_1_57' title='bbox 882 1786 989 1869; x_wconf 90' lang='lat' dir='ltr'><strong>atque</strong></span> <span class='ocrx_word' id='word_1_58' title='bbox 1005 1774 1111 1845; x_wconf 88' lang='lat' dir='ltr'><strong>etiam</strong></span> <span class='ocrx_word' id='word_1_59' title='bbox 1128 1772 1175 1845; x_wconf 88' lang='lat' dir='ltr'><strong>ab</strong></span> <span class='ocrx_word' id='word_1_60' title='bbox 1192 1770 1310 1873; x_wconf 77' lang='lat' dir='ltr'><strong>buglis</strong></span> <span class='ocrx_word' id='word_1_61' title='bbox 1322 1771 1453 1872; x_wconf 88' lang='lat' dir='ltr'><strong>captivi</strong></span> <span class='ocrx_word' id='word_1_62' title='bbox 1468 1769 1515 1843; x_wconf 90' lang='lat' dir='ltr'><strong>ad</strong></span> <span class='ocrx_word' id='word_1_63' title='bbox 1530 1795 1596 1843; x_wconf 88' lang='lat' dir='ltr'><strong>sua</strong></span> 
     </span>
     <span class='ocr_line' id='line_1_10' title="bbox 542 1886 969 1985; baseline 0.009 -29"><span class='ocrx_word' id='word_1_64' title='bbox 542 1888 675 1985; x_wconf 88' lang='lat' dir='ltr'><strong>oppida</strong></span> <span class='ocrx_word' id='word_1_65' title='bbox 692 1886 969 1961; x_wconf 84' lang='lat' dir='ltr'><strong>abducerentur.</strong></span> 
     </span>
    </p>

    <p class='ocr_par' dir='ltr' id='par_1_3' title="bbox 474 2002 1600 4644">
     <span class='ocr_line' id='line_1_11' title="bbox 590 2002 1597 2101; baseline 0.007 -32"><span class='ocrx_word' id='word_1_66' title='bbox 590 2002 779 2074; x_wconf 85' lang='lat' dir='ltr'><strong>Declinans</strong></span> <span class='ocrx_word' id='word_1_67' title='bbox 796 2004 914 2101; x_wconf 90' lang='lat' dir='ltr'><strong>itaque</strong></span> <span class='ocrx_word' id='word_1_68' title='bbox 931 2004 1015 2076; x_wconf 91' lang='lat' dir='ltr'><strong>urbs</strong></span> <span class='ocrx_word' id='word_1_69' title='bbox 1030 2004 1090 2077; x_wconf 92' lang='lat' dir='ltr'><strong>illa</strong></span> <span class='ocrx_word' id='word_1_70' title='bbox 1105 2029 1146 2077; x_wconf 89' lang='lat' dir='ltr'><strong>ac</strong></span> <span class='ocrx_word' id='word_1_71' title='bbox 1162 2006 1320 2078; x_wconf 85' lang='lat' dir='ltr'><strong>devitans</strong></span> <span class='ocrx_word' id='word_1_72' title='bbox 1334 2003 1446 2075; x_wconf 87' lang='lat' dir='ltr'><strong>multa</strong></span> <span class='ocrx_word' id='word_1_73' title='bbox 1461 2004 1597 2076; x_wconf 88' lang='lat' dir='ltr'><strong>incom-</strong></span> 
     </span>
     <span class='ocr_line' id='line_1_12' title="bbox 543 2116 1597 2217; baseline 0.003 -32"><span class='ocrx_word' id='word_1_74' title='bbox 543 2116 650 2187; x_wconf 91' lang='lat' dir='ltr'><strong>moda</strong></span> <span class='ocrx_word' id='word_1_75' title='bbox 664 2130 699 2187; x_wconf 93' lang='lat' dir='ltr'><strong>et</strong></span> <span class='ocrx_word' id='word_1_76' title='bbox 715 2117 869 2212; x_wconf 87' lang='lat' dir='ltr'><strong>jacturas</strong></span> <span class='ocrx_word' id='word_1_77' title='bbox 886 2133 994 2215; x_wconf 88' lang='lat' dir='ltr'><strong>atque</strong></span> <span class='ocrx_word' id='word_1_78' title='bbox 1012 2121 1171 2215; x_wconf 82' lang='lat' dir='ltr'><strong>angarias</strong></span> <span class='ocrx_word' id='word_1_79' title='bbox 1188 2117 1489 2217; x_wconf 88' lang='lat' dir='ltr'><strong>quamplurimas,</strong></span> <span class='ocrx_word' id='word_1_80' title='bbox 1509 2141 1597 2214; x_wconf 88' lang='lat' dir='ltr'><strong>quas</strong></span> 
     </span>
     <span class='ocr_line' id='line_1_13' title="bbox 543 2229 1593 2334; baseline 0.006 -35"><span class='ocrx_word' id='word_1_81' title='bbox 543 2229 609 2301; x_wconf 94' lang='lat' dir='ltr'><strong>sub</strong></span> <span class='ocrx_word' id='word_1_82' title='bbox 617 2232 813 2328; x_wconf 82' lang='lat' dir='ltr'><strong>Anglorum</strong></span> <span class='ocrx_word' id='word_1_83' title='bbox 822 2233 1009 2308; x_wconf 86' lang='lat' dir='ltr'><strong>dominatu</strong></span> <span class='ocrx_word' id='word_1_84' title='bbox 1017 2251 1173 2334; x_wconf 86' lang='lat' dir='ltr'><strong>experta,</strong></span> <span class='ocrx_word' id='word_1_85' title='bbox 1186 2251 1222 2307; x_wconf 92' lang='lat' dir='ltr'><strong>et</strong></span> <span class='ocrx_word' id='word_1_86' title='bbox 1230 2234 1275 2307; x_wconf 90' lang='lat' dir='ltr'><strong>ab</strong></span> <span class='ocrx_word' id='word_1_87' title='bbox 1284 2235 1334 2307; x_wconf 91' lang='lat' dir='ltr'><strong>eis</strong></span> <span class='ocrx_word' id='word_1_88' title='bbox 1342 2232 1445 2305; x_wconf 89' lang='lat' dir='ltr'><strong>valde</strong></span> <span class='ocrx_word' id='word_1_89' title='bbox 1453 2232 1593 2326; x_wconf 86' lang='lat' dir='ltr'><strong>afflicta,</strong></span> 
     </span>
     <span class='ocr_line' id='line_1_14' title="bbox 543 2346 1597 2448; baseline 0.004 -35"><span class='ocrx_word' id='word_1_90' title='bbox 543 2368 608 2439; x_wconf 88' lang='lat' dir='ltr'><strong>per</strong></span> <span class='ocrx_word' id='word_1_91' title='bbox 621 2346 752 2418; x_wconf 92' lang='lat' dir='ltr'><strong>multos</strong></span> <span class='ocrx_word' id='word_1_92' title='bbox 764 2347 838 2443; x_wconf 90' lang='lat' dir='ltr'><strong>jam</strong></span> <span class='ocrx_word' id='word_1_93' title='bbox 850 2374 964 2433; x_wconf 90' lang='lat' dir='ltr'><strong>annos</strong></span> <span class='ocrx_word' id='word_1_94' title='bbox 972 2348 1180 2448; x_wconf 86' lang='lat' dir='ltr'><strong>pertulerat,</strong></span> <span class='ocrx_word' id='word_1_95' title='bbox 1190 2350 1226 2421; x_wconf 92' lang='lat' dir='ltr'><strong>in</strong></span> <span class='ocrx_word' id='word_1_96' title='bbox 1236 2350 1304 2420; x_wconf 88' lang='lat' dir='ltr'><strong>alia</strong></span> <span class='ocrx_word' id='word_1_97' title='bbox 1319 2372 1393 2420; x_wconf 93' lang='lat' dir='ltr'><strong>non</strong></span> <span class='ocrx_word' id='word_1_98' title='bbox 1404 2347 1522 2418; x_wconf 83' lang='lat' dir='ltr'><strong>forsan</strong></span> <span class='ocrx_word' id='word_1_99' title='bbox 1533 2348 1597 2417; x_wconf 91' lang='lat' dir='ltr'><strong>mi·</strong></span> 
     </span>
     <span class='ocr_line' id='line_1_15' title="bbox 543 2461 1596 2563; baseline 0.002 -33"><span class='ocrx_word' id='word_1_100' title='bbox 543 2484 611 2533; x_wconf 91' lang='lat' dir='ltr'><strong>nus</strong></span> <span class='ocrx_word' id='word_1_101' title='bbox 623 2464 742 2558; x_wconf 83' lang='lat' dir='ltr'><strong>gravia</strong></span> <span class='ocrx_word' id='word_1_102' title='bbox 753 2479 814 2536; x_wconf 89' lang='lat' dir='ltr'><strong>aut</strong></span> <span class='ocrx_word' id='word_1_103' title='bbox 826 2466 944 2537; x_wconf 90' lang='lat' dir='ltr'><strong>minus</strong></span> <span class='ocrx_word' id='word_1_104' title='bbox 954 2465 1084 2538; x_wconf 75' lang='lat' dir='ltr'><strong>acerba</strong></span> <span class='ocrx_word' id='word_1_105' title='bbox 1095 2466 1256 2555; x_wconf 84' lang='lat' dir='ltr'><strong>incurrit,</strong></span> <span class='ocrx_word' id='word_1_106' title='bbox 1269 2464 1332 2535; x_wconf 92' lang='lat' dir='ltr'><strong>sed</strong></span> <span class='ocrx_word' id='word_1_107' title='bbox 1344 2468 1421 2560; x_wconf 86' lang='lat' dir='ltr'><strong>quae</strong></span> <span class='ocrx_word' id='word_1_108' title='bbox 1434 2461 1596 2563; x_wconf 85' lang='lat' dir='ltr'><strong>nondum</strong></span> 
     </span>
     <span class='ocr_line' id='line_1_16' title="bbox 545 2576 1594 2678; baseline -0.001 -31"><span class='ocrx_word' id='word_1_109' title='bbox 545 2590 707 2674; x_wconf 84' lang='lat' dir='ltr'><strong>experta,</strong></span> <span class='ocrx_word' id='word_1_110' title='bbox 722 2579 840 2651; x_wconf 91' lang='lat' dir='ltr'><strong>minus</strong></span> <span class='ocrx_word' id='word_1_111' title='bbox 851 2580 941 2652; x_wconf 85' lang='lat' dir='ltr'><strong>sorte</strong></span> <span class='ocrx_word' id='word_1_112' title='bbox 951 2581 1097 2678; x_wconf 86' lang='lat' dir='ltr'><strong>praevisa</strong></span> <span class='ocrx_word' id='word_1_113' title='bbox 1111 2594 1171 2652; x_wconf 83' lang='lat' dir='ltr'><strong>arrt</strong></span> <span class='ocrx_word' id='word_1_114' title='bbox 1182 2592 1338 2677; x_wconf 87' lang='lat' dir='ltr'><strong>spectata</strong></span> <span class='ocrx_word' id='word_1_115' title='bbox 1349 2590 1453 2648; x_wconf 91' lang='lat' dir='ltr'><strong>antea</strong></span> <span class='ocrx_word' id='word_1_116' title='bbox 1466 2576 1594 2647; x_wconf 88' lang='lat' dir='ltr'><strong>serent.</strong></span> 
     </span>
     <span class='ocr_line' id='line_1_17' title="bbox 474 2689 1598 2791; baseline 0 -30"><span class='ocrx_word' id='word_1_117' title='bbox 474 2689 478 2697; x_wconf 78' lang='grc'><strong>’</strong></span> <span class='ocrx_word' id='word_1_118' title='bbox 543 2692 667 2763; x_wconf 84' lang='lat' dir='ltr'><strong>Solent</strong></span> <span class='ocrx_word' id='word_1_119' title='bbox 683 2695 779 2765; x_wconf 91' lang='lat' dir='ltr'><strong>enim</strong></span> <span class='ocrx_word' id='word_1_120' title='bbox 794 2694 970 2791; x_wconf 83' lang='lat' dir='ltr'><strong>plerique,</strong></span> <span class='ocrx_word' id='word_1_121' title='bbox 991 2694 1078 2765; x_wconf 92' lang='lat' dir='ltr'><strong>dum</strong></span> <span class='ocrx_word' id='word_1_122' title='bbox 1095 2694 1154 2766; x_wconf 90' lang='lat' dir='ltr'><strong>illa</strong></span> <span class='ocrx_word' id='word_1_123' title='bbox 1169 2695 1262 2765; x_wconf 88' lang='lat' dir='ltr'><strong>mala</strong></span> <span class='ocrx_word' id='word_1_124' title='bbox 1284 2692 1422 2787; x_wconf 87' lang='lat' dir='ltr'><strong>lugiunt</strong></span> <span class='ocrx_word' id='word_1_125' title='bbox 1437 2714 1518 2788; x_wconf 86' lang='lat' dir='ltr'><strong>quae</strong></span> <span class='ocrx_word' id='word_1_126' title='bbox 1538 2716 1598 2764; x_wconf 83' lang='lat' dir='ltr'><strong>ex·</strong></span> 
     </span>
     <span class='ocr_line' id='line_1_18' title="bbox 544 2806 1595 2907; baseline 0.001 -30"><span class='ocrx_word' id='word_1_127' title='bbox 544 2809 634 2904; x_wconf 89' lang='lat' dir='ltr'><strong>perti</strong></span> <span class='ocrx_word' id='word_1_128' title='bbox 644 2807 866 2898; x_wconf 89' lang='lat' dir='ltr'><strong>horrescunt,</strong></span> <span class='ocrx_word' id='word_1_129' title='bbox 878 2808 1332 2907; x_wconf 86' lang='lat' dir='ltr'><strong>gravioribusseimplicare</strong></span> <span class='ocrx_word' id='word_1_130' title='bbox 1344 2806 1595 2893; x_wconf 84' lang='lat' dir='ltr'><strong>incommodis,</strong></span> 
     </span>
     <span class='ocr_line' id='line_1_19' title="bbox 544 2908 1599 3021; baseline 0.002 -31"><span class='ocrx_word' id='word_1_131' title='bbox 544 2944 642 3015; x_wconf 84' lang='lat' dir='ltr'><strong>quae,</strong></span> <span class='ocrx_word' id='word_1_132' title='bbox 661 2908 777 2993; x_wconf 86' lang='lat' dir='ltr'><strong>donec</strong></span> <span class='ocrx_word' id='word_1_133' title='bbox 794 2922 843 2994; x_wconf 89' lang='lat' dir='ltr'><strong>eis</strong></span> <span class='ocrx_word' id='word_1_134' title='bbox 858 2946 923 3021; x_wconf 92' lang='lat' dir='ltr'><strong>per</strong></span> <span class='ocrx_word' id='word_1_135' title='bbox 940 2923 1193 3021; x_wconf 82' lang='lat' dir='ltr'><strong>experientiam</strong></span> <span class='ocrx_word' id='word_1_136' title='bbox 1206 2926 1347 3021; x_wconf 84' lang='lat' dir='ltr'><strong>cognita</strong></span> <span class='ocrx_word' id='word_1_137' title='bbox 1364 2924 1512 3015; x_wconf 86' lang='lat' dir='ltr'><strong>luerint,</strong></span> <span class='ocrx_word' id='word_1_138' title='bbox 1532 2922 1599 2993; x_wconf 92' lang='lat' dir='ltr'><strong>mi·</strong></span> 
     </span>
     <span class='ocr_line' id='line_1_20' title="bbox 545 3034 1599 3138; baseline 0.003 -34"><span class='ocrx_word' id='word_1_139' title='bbox 545 3058 613 3106; x_wconf 90' lang='lat' dir='ltr'><strong>nus</strong></span> <span class='ocrx_word' id='word_1_140' title='bbox 635 3034 847 3108; x_wconf 89' lang='lat' dir='ltr'><strong>declinanda</strong></span> <span class='ocrx_word' id='word_1_141' title='bbox 875 3052 981 3135; x_wconf 86' lang='lat' dir='ltr'><strong>atque</strong></span> <span class='ocrx_word' id='word_1_142' title='bbox 1006 3040 1150 3111; x_wconf 86' lang='lat' dir='ltr'><strong>vitanda</strong></span> <span class='ocrx_word' id='word_1_143' title='bbox 1181 3063 1257 3111; x_wconf 92' lang='lat' dir='ltr'><strong>esse</strong></span> <span class='ocrx_word' id='word_1_144' title='bbox 1284 3038 1517 3138; x_wconf 88' lang='lat' dir='ltr'><strong>putabantur.</strong></span> <span class='ocrx_word' id='word_1_145' title='bbox 1547 3040 1599 3107; x_wconf 86' lang='lat' dir='ltr'><strong>lta</strong></span> 
     </span>
     <span class='ocr_line' id='line_1_21' title="bbox 545 3148 1597 3253; baseline 0.004 -34"><span class='ocrx_word' id='word_1_146' title='bbox 545 3148 769 3247; x_wconf 77' lang='lat' dir='ltr'><strong>prosecto&#39;jlli</strong></span> <span class='ocrx_word' id='word_1_147' title='bbox 788 3152 968 3225; x_wconf 85' lang='lat' dir='ltr'><strong>Parisiacae</strong></span> <span class='ocrx_word' id='word_1_148' title='bbox 985 3152 1065 3227; x_wconf 93' lang='lat' dir='ltr'><strong>urbi</strong></span> <span class='ocrx_word' id='word_1_149' title='bbox 1081 3154 1249 3253; x_wconf 81' lang='lat' dir='ltr'><strong>contigit,</strong></span> <span class='ocrx_word' id='word_1_150' title='bbox 1267 3178 1366 3252; x_wconf 88' lang='lat' dir='ltr'><strong>quae,</strong></span> <span class='ocrx_word' id='word_1_151' title='bbox 1386 3152 1475 3224; x_wconf 91' lang='lat' dir='ltr'><strong>dum</strong></span> <span class='ocrx_word' id='word_1_152' title='bbox 1490 3156 1597 3223; x_wconf 83' lang='lat' dir='ltr'><strong>Fran·</strong></span> 
     </span>
     <span class='ocr_line' id='line_1_22' title="bbox 547 3270 1600 3377; baseline 0.001 -38"><span class='ocrx_word' id='word_1_153' title='bbox 547 3292 687 3377; x_wconf 86' lang='lat' dir='ltr'><strong>corum,</strong></span> <span class='ocrx_word' id='word_1_154' title='bbox 708 3296 769 3344; x_wconf 89' lang='lat' dir='ltr'><strong>eos</strong></span> <span class='ocrx_word' id='word_1_155' title='bbox 786 3274 878 3346; x_wconf 89' lang='lat' dir='ltr'><strong>intra</strong></span> <span class='ocrx_word' id='word_1_156' title='bbox 894 3298 931 3345; x_wconf 86' lang='lat' dir='ltr'><strong>se</strong></span> <span class='ocrx_word' id='word_1_157' title='bbox 948 3273 1154 3373; x_wconf 90' lang='lat' dir='ltr'><strong>suscipiens,</strong></span> <span class='ocrx_word' id='word_1_158' title='bbox 1172 3270 1350 3347; x_wconf 87' lang='lat' dir='ltr'><strong>molestias</strong></span> <span class='ocrx_word' id='word_1_159' title='bbox 1364 3270 1530 3344; x_wconf 83' lang='lat' dir='ltr'><strong>studebat</strong></span> <span class='ocrx_word' id='word_1_160' title='bbox 1542 3294 1600 3341; x_wconf 89' lang='lat' dir='ltr'><strong>ex·</strong></span> 
     </span>
     <span class='ocr_line' id='line_1_23' title="bbox 545 3385 1599 3473; baseline 0.002 -22"><span class='ocrx_word' id='word_1_161' title='bbox 545 3397 682 3473; x_wconf 90' lang='lat' dir='ltr'><strong>cutere,</strong></span> <span class='ocrx_word' id='word_1_162' title='bbox 700 3388 737 3457; x_wconf 94' lang='lat' dir='ltr'><strong>in</strong></span> <span class='ocrx_word' id='word_1_163' title='bbox 761 3388 849 3460; x_wconf 86' lang='lat' dir='ltr'><strong>alios</strong></span> <span class='ocrx_word' id='word_1_164' title='bbox 868 3403 1055 3461; x_wconf 84' lang='lat' dir='ltr'><strong>venatores</strong></span> <span class='ocrx_word' id='word_1_165' title='bbox 1071 3414 1145 3460; x_wconf 92' lang='lat' dir='ltr'><strong>non</strong></span> <span class='ocrx_word' id='word_1_166' title='bbox 1162 3390 1280 3460; x_wconf 91' lang='lat' dir='ltr'><strong>minus</strong></span> <span class='ocrx_word' id='word_1_167' title='bbox 1293 3386 1361 3459; x_wconf 91' lang='lat' dir='ltr'><strong>sibi</strong></span> <span class='ocrx_word' id='word_1_168' title='bbox 1374 3385 1543 3458; x_wconf 88' lang='lat' dir='ltr'><strong>molestos</strong></span> <span class='ocrx_word' id='word_1_169' title='bbox 1556 3406 1599 3455; x_wconf 89' lang='lat' dir='ltr'><strong>ac</strong></span> 
     </span>
     <span class='ocr_line' id='line_1_24' title="bbox 545 3500 1596 3602; baseline 0.003 -32"><span class='ocrx_word' id='word_1_170' title='bbox 545 3500 763 3596; x_wconf 87' lang='lat' dir='ltr'><strong>periculosos</strong></span> <span class='ocrx_word' id='word_1_171' title='bbox 785 3504 930 3595; x_wconf 88' lang='lat' dir='ltr'><strong>incidit;</strong></span> <span class='ocrx_word' id='word_1_172' title='bbox 949 3530 970 3578; x_wconf 87' lang='lat' dir='ltr'><strong>a</strong></span> <span class='ocrx_word' id='word_1_173' title='bbox 989 3504 1122 3602; x_wconf 93' lang='lat' dir='ltr'><strong>quibus</strong></span> <span class='ocrx_word' id='word_1_174' title='bbox 1137 3503 1297 3600; x_wconf 85' lang='lat' dir='ltr'><strong>undique</strong></span> <span class='ocrx_word' id='word_1_175' title='bbox 1316 3501 1596 3593; x_wconf 85' lang='lat' dir='ltr'><strong>circumvallata,</strong></span> 
     </span>
     <span class='ocr_line' id='line_1_25' title="bbox 543 3615 1599 3718; baseline 0.004 -35"><span class='ocrx_word' id='word_1_176' title='bbox 543 3616 687 3689; x_wconf 84' lang='lat' dir='ltr'><strong>vastatis</strong></span> <span class='ocrx_word' id='word_1_177' title='bbox 702 3618 982 3718; x_wconf 86' lang='lat' dir='ltr'><strong>circumquaque</strong></span> <span class='ocrx_word' id='word_1_178' title='bbox 999 3618 1092 3715; x_wconf 83' lang='lat' dir='ltr'><strong>agris</strong></span> <span class='ocrx_word' id='word_1_179' title='bbox 1109 3634 1145 3691; x_wconf 89' lang='lat' dir='ltr'><strong>et</strong></span> <span class='ocrx_word' id='word_1_180' title='bbox 1164 3617 1304 3690; x_wconf 90' lang='lat' dir='ltr'><strong>nudatis</strong></span> <span class='ocrx_word' id='word_1_181' title='bbox 1328 3615 1541 3708; x_wconf 90' lang='lat' dir='ltr'><strong>cultoribus,</strong></span> <span class='ocrx_word' id='word_1_182' title='bbox 1559 3617 1599 3688; x_wconf 92' lang='lat' dir='ltr'><strong>in</strong></span> 
     </span>
     <span class='ocr_line' id='line_1_26' title="bbox 546 3729 1600 3832; baseline 0.002 -32"><span class='ocrx_word' id='word_1_183' title='bbox 546 3729 652 3801; x_wconf 88' lang='lat' dir='ltr'><strong>talem</strong></span> <span class='ocrx_word' id='word_1_184' title='bbox 668 3733 796 3805; x_wconf 89' lang='lat' dir='ltr'><strong>iterum</strong></span> <span class='ocrx_word' id='word_1_185' title='bbox 811 3734 1048 3807; x_wconf 85' lang='lat' dir='ltr'><strong>calamitatem</strong></span> <span class='ocrx_word' id='word_1_186' title='bbox 1060 3733 1234 3831; x_wconf 83' lang='lat' dir='ltr'><strong>perducta</strong></span> <span class='ocrx_word' id='word_1_187' title='bbox 1248 3747 1318 3826; x_wconf 87' lang='lat' dir='ltr'><strong>est,</strong></span> <span class='ocrx_word' id='word_1_188' title='bbox 1334 3733 1414 3832; x_wconf 84' lang='lat' dir='ltr'><strong>quae</strong></span> <span class='ocrx_word' id='word_1_189' title='bbox 1429 3734 1535 3805; x_wconf 90' lang='lat' dir='ltr'><strong>etiam</strong></span> <span class='ocrx_word' id='word_1_190' title='bbox 1549 3731 1600 3803; x_wconf 92' lang='lat' dir='ltr'><strong>illi</strong></span> 
     </span>
     <span class='ocr_line' id='line_1_27' title="bbox 545 3846 1599 3947; baseline 0 -30"><span class='ocrx_word' id='word_1_191' title='bbox 545 3870 672 3943; x_wconf 83' lang='lat' dir='ltr'><strong>quam,</strong></span> <span class='ocrx_word' id='word_1_192' title='bbox 691 3848 759 3919; x_wconf 91' lang='lat' dir='ltr'><strong>sub</strong></span> <span class='ocrx_word' id='word_1_193' title='bbox 783 3850 934 3947; x_wconf 89' lang='lat' dir='ltr'><strong>imperio</strong></span> <span class='ocrx_word' id='word_1_194' title='bbox 959 3848 1155 3943; x_wconf 77' lang='lat' dir='ltr'><strong>Anglorum</strong></span> <span class='ocrx_word' id='word_1_195' title='bbox 1179 3849 1391 3941; x_wconf 86' lang='lat' dir='ltr'><strong>constituta,</strong></span> <span class='ocrx_word' id='word_1_196' title='bbox 1414 3872 1433 3919; x_wconf 84' lang='lat' dir='ltr'><strong>a</strong></span> <span class='ocrx_word' id='word_1_197' title='bbox 1456 3846 1599 3919; x_wconf 86' lang='lat' dir='ltr'><strong>Francis</strong></span> 
     </span>
     <span class='ocr_line' id='line_1_28' title="bbox 546 3963 1600 4061; baseline 0 -28"><span class='ocrx_word' id='word_1_198' title='bbox 546 3964 756 4059; x_wconf 88' lang='lat' dir='ltr'><strong>pertulerat,</strong></span> <span class='ocrx_word' id='word_1_199' title='bbox 775 3989 796 4037; x_wconf 92' lang='lat' dir='ltr'><strong>a</strong></span> <span class='ocrx_word' id='word_1_200' title='bbox 811 3965 903 4037; x_wconf 89' lang='lat' dir='ltr'><strong>veris</strong></span> <span class='ocrx_word' id='word_1_201' title='bbox 915 3989 1036 4037; x_wconf 91' lang='lat' dir='ltr'><strong>rerum</strong></span> <span class='ocrx_word' id='word_1_202' title='bbox 1049 3965 1319 4037; x_wconf 81' lang='lat' dir='ltr'><strong>aestimatoribus</strong></span> <span class='ocrx_word' id='word_1_203' title='bbox 1330 3966 1444 4037; x_wconf 88' lang='lat' dir='ltr'><strong>multo</strong></span> <span class='ocrx_word' id='word_1_204' title='bbox 1454 3963 1600 4061; x_wconf 76' lang='lat' dir='ltr'><strong>gravior</strong></span> 
     </span>
     <span class='ocr_line' id='line_1_29' title="bbox 547 4079 1600 4178; baseline 0 -28"><span class='ocrx_word' id='word_1_205' title='bbox 547 4092 743 4177; x_wconf 87' lang='lat' dir='ltr'><strong>putaretur.</strong></span> <span class='ocrx_word' id='word_1_206' title='bbox 763 4080 932 4176; x_wconf 85' lang='lat' dir='ltr'><strong>Majorem</strong></span> <span class='ocrx_word' id='word_1_207' title='bbox 954 4081 1050 4154; x_wconf 88' lang='lat' dir='ltr'><strong>enim</strong></span> <span class='ocrx_word' id='word_1_208' title='bbox 1073 4104 1221 4153; x_wconf 90' lang='lat' dir='ltr'><strong>suorum</strong></span> <span class='ocrx_word' id='word_1_209' title='bbox 1237 4079 1370 4152; x_wconf 87' lang='lat' dir='ltr'><strong>civium</strong></span> <span class='ocrx_word' id='word_1_210' title='bbox 1390 4093 1477 4151; x_wconf 91' lang='lat' dir='ltr'><strong>tunc</strong></span> <span class='ocrx_word' id='word_1_211' title='bbox 1496 4100 1600 4178; x_wconf 87' lang='lat' dir='ltr'><strong>passa</strong></span> 
     </span>
     <span class='ocr_line' id='line_1_30' title="bbox 548 4194 1599 4295; baseline 0.002 -30"><span class='ocrx_word' id='word_1_212' title='bbox 548 4208 601 4265; x_wconf 85' lang='lat' dir='ltr'><strong>est</strong></span> <span class='ocrx_word' id='word_1_213' title='bbox 617 4194 910 4285; x_wconf 90' lang='lat' dir='ltr'><strong>diminutionem,</strong></span> <span class='ocrx_word' id='word_1_214' title='bbox 926 4209 1074 4295; x_wconf 90' lang='lat' dir='ltr'><strong>propter</strong></span> <span class='ocrx_word' id='word_1_215' title='bbox 1097 4218 1249 4268; x_wconf 74' lang='lat' dir='ltr'><strong>annonae</strong></span> <span class='ocrx_word' id='word_1_216' title='bbox 1264 4196 1448 4268; x_wconf 85' lang='lat' dir='ltr'><strong>caritatem</strong></span> <span class='ocrx_word' id='word_1_217' title='bbox 1468 4208 1504 4267; x_wconf 90' lang='lat' dir='ltr'><strong>et</strong></span> <span class='ocrx_word' id='word_1_218' title='bbox 1519 4219 1599 4267; x_wconf 93' lang='lat' dir='ltr'><strong>mo·</strong></span> 
     </span>
     <span class='ocr_line' id='line_1_31' title="bbox 546 4310 1600 4410; baseline -0.001 -29"><span class='ocrx_word' id='word_1_219' title='bbox 546 4310 663 4382; x_wconf 85' lang='lat' dir='ltr'><strong>lestias</strong></span> <span class='ocrx_word' id='word_1_220' title='bbox 675 4310 842 4403; x_wconf 87' lang='lat' dir='ltr'><strong>infinitas,</strong></span> <span class='ocrx_word' id='word_1_221' title='bbox 861 4334 968 4410; x_wconf 90' lang='lat' dir='ltr'><strong>quam</strong></span> <span class='ocrx_word' id='word_1_222' title='bbox 979 4311 1150 4384; x_wconf 88' lang='lat' dir='ltr'><strong>hactenus</strong></span> <span class='ocrx_word' id='word_1_223' title='bbox 1164 4310 1310 4382; x_wconf 86' lang='lat' dir='ltr'><strong>lecisset.</strong></span> <span class='ocrx_word' id='word_1_224' title='bbox 1328 4312 1526 4383; x_wconf 88' lang='lat' dir='ltr'><strong>Permansit</strong></span> <span class='ocrx_word' id='word_1_225' title='bbox 1539 4333 1600 4381; x_wconf 87' lang='lat' dir='ltr'><strong>au·</strong></span> 
     </span>
     <span class='ocr_line' id='line_1_32' title="bbox 548 4426 1599 4525; baseline -0.001 -29"><span class='ocrx_word' id='word_1_226' title='bbox 548 4440 620 4497; x_wconf 89' lang='lat' dir='ltr'><strong>tern</strong></span> <span class='ocrx_word' id='word_1_227' title='bbox 637 4428 673 4498; x_wconf 93' lang='lat' dir='ltr'><strong>in</strong></span> <span class='ocrx_word' id='word_1_228' title='bbox 688 4452 729 4501; x_wconf 93' lang='lat' dir='ltr'><strong>ea</strong></span> <span class='ocrx_word' id='word_1_229' title='bbox 744 4430 882 4503; x_wconf 90' lang='lat' dir='ltr'><strong>miseria</strong></span> <span class='ocrx_word' id='word_1_230' title='bbox 899 4428 1134 4504; x_wconf 86' lang='lat' dir='ltr'><strong>invalescente</strong></span> <span class='ocrx_word' id='word_1_231' title='bbox 1150 4451 1290 4525; x_wconf 89' lang='lat' dir='ltr'><strong>semper</strong></span> <span class='ocrx_word' id='word_1_232' title='bbox 1308 4428 1344 4501; x_wconf 90' lang='lat' dir='ltr'><strong>in</strong></span> <span class='ocrx_word' id='word_1_233' title='bbox 1363 4426 1518 4499; x_wconf 85' lang='lat' dir='ltr'><strong>deterius</strong></span> <span class='ocrx_word' id='word_1_234' title='bbox 1534 4448 1599 4525; x_wconf 90' lang='lat' dir='ltr'><strong>per</strong></span> 
     </span>
     <span class='ocr_line' id='line_1_33' title="bbox 546 4542 1599 4644; baseline -0.003 -30"><span class='ocrx_word' id='word_1_235' title='bbox 546 4564 661 4614; x_wconf 88' lang='lat' dir='ltr'><strong>annos</strong></span> <span class='ocrx_word' id='word_1_236' title='bbox 679 4544 828 4637; x_wconf 90' lang='lat' dir='ltr'><strong>multos,</strong></span> <span class='ocrx_word' id='word_1_237' title='bbox 855 4571 939 4619; x_wconf 87' lang='lat' dir='ltr'><strong>cum</strong></span> <span class='ocrx_word' id='word_1_238' title='bbox 955 4543 1081 4623; x_wconf 81' lang='lat' dir='ltr'><strong>‚nullos</strong></span> <span class='ocrx_word' id='word_1_239' title='bbox 1095 4542 1187 4617; x_wconf 85' lang='lat' dir='ltr'><strong>ordo</strong></span> <span class='ocrx_word' id='word_1_240' title='bbox 1205 4568 1269 4617; x_wconf 85' lang='lat' dir='ltr'><strong>seu</strong></span> <span class='ocrx_word' id='word_1_241' title='bbox 1287 4542 1473 4644; x_wconf 85' lang='lat' dir='ltr'><strong>disciplina</strong></span> <span class='ocrx_word' id='word_1_242' title='bbox 1487 4542 1525 4615; x_wconf 92' lang='lat' dir='ltr'><strong>in</strong></span> <span class='ocrx_word' id='word_1_243' title='bbox 1540 4563 1599 4613; x_wconf 87' lang='lat' dir='ltr'><strong>ar·</strong></span> 
     </span>
    </p>
   </div>
   <div class='ocr_carea' id='block_1_3' title="bbox 0 0 1960 5892">
    <p class='ocr_par' dir='ltr' id='par_1_4' title="bbox 0 0 1960 5892">
     <span class='ocr_line' id='line_1_34' title="bbox 0 0 1960 5892; baseline 0 0"><span class='ocrx_word' id='word_1_244' title='bbox 0 0 1960 5892; x_wconf 95' lang='lat' dir='ltr'><strong> </strong></span> 
     </span>
    </p>
   </div>
  </div>
 </body>
</html>
