3892 5892
560 904 618 961 22⁴
845 906 1102 965 utsvotustturt
1121 908 1257 967 CAROLI
1277 910 1330 965 v11

559 1026 685 1099 niensis
700 1026 870 1101 dominus
893 1030 939 1103 de
960 1030 1105 1123 Talbot,
1126 1030 1252 1117 dolum
1273 1033 1348 1130 ipse
1375 1033 1631 1130 persentiens,

560 1143 608 1215 ad
634 1142 917 1242 restringendum
950 1146 1148 1245 periculum
1172 1145 1365 1220 advolavit.
1394 1149 1579 1235 Quicum
1608 1174 1634 1221 a

562 1274 660 1357 tergo
684 1260 990 1360 conspiratoribus
1012 1263 1221 1354 imminens,
1253 1261 1448 1335 nonnullos
1466 1287 1511 1335 ex
1534 1264 1633 1363 ipsis

560 1378 817 1461 interemisset,
836 1376 923 1449 alios
941 1378 1064 1450 relicto
1083 1374 1189 1453 muro
1205 1377 1251 1451 ad
1268 1379 1399 1451 domus
1416 1402 1498 1451 suas
1514 1380 1631 1452 ausu·

561 1516 662 1587 gere,
684 1493 772 1565 alios
783 1506 878 1564 metu
897 1492 1118 1566 imminentis
1134 1492 1241 1590 gladii
1256 1520 1277 1566 c
1294 1494 1450 1565 turribus
1462 1508 1499 1565 ct
1512 1519 1629 1567 muro

560 1632 636 1679 sese
656 1608 694 1679 in
719 1607 851 1681 vallum
878 1609 1095 1707 praecipitare
1111 1608 1241 1707 adegit.
1267 1610 1375 1699 Quod
1391 1610 1629 1709 inspicientes

559 1724 686 1796 Franci
701 1738 737 1796 et
758 1738 890 1797 conatu
906 1748 944 1796 se
965 1724 1151 1797 lrustratos
1174 1739 1450 1823 cognoscentes,
1471 1724 1627 1798 insidias

560 1840 746 1940 suspicati,
765 1854 861 1913 retro
884 1839 1015 1939 pedem
1034 1840 1166 1915 relerre
1181 1841 1297 1913 coacti
1316 1856 1400 1913 sunt
1419 1855 1453 1913 et
1473 1839 1624 1931 abire¹;

560 1982 581 2027 c
597 1956 710 2054 portis
725 1970 846 2029 autem
862 1955 1072 2029 exeuntibus
1089 1956 1266 2054 anglicis,
1283 1982 1376 2055 quos
1392 1982 1436 2029 ex
1458 1956 1620 2049 civibus,

460 2086 465 2102 '
559 2074 622 2171 qui
639 2097 677 2145 se
692 2073 886 2173 praecipitio
906 2072 1102 2165 dederant,
1123 2074 1355 2166 invenerunt,
1377 2074 1438 2171 qui
1456 2096 1500 2145 ex
1515 2073 1623 2173 lapsu

560 2187 733 2262 debilitati
749 2186 919 2261 membris
935 2214 1000 2289 per
1014 2190 1133 2287 sugam
1147 2190 1296 2261 evasisse
1310 2213 1385 2261 nou
1400 2204 1619 2287 potuerant,

560 2305 666 2379 variis
683 2306 865 2379 confossos
891 2304 1097 2395 vulneribus
1121 2304 1403 2379 dilaceraverunt
1419 2320 1456 2377 ct
1477 2305 1622 2379 occide·

561 2437 656 2496 runt.
694 2428 871 2495 intrarant
899 2437 1019 2495 autem
1054 2446 1097 2493 ex
1125 2422 1267 2494 Francis
1292 2420 1481 2513 nonnulli,
1510 2423 1620 2521 pauci

561 2560 679 2617 tamen
696 2567 867 2638 numero,
885 2566 1041 2641 quorum
1063 2540 1172 2639 aliqui
1185 2539 1283 2640 apud
1303 2540 1397 2613 cives
1412 2563 1489 2611 sese
1505 2564 1619 2613 occu-

430 2647 438 2663 ’
560 2660 726 2754 luerunt,
744 2686 836 2759 quos
859 2657 925 2731 sibi
943 2656 1036 2729 bene
1056 2657 1201 2731 allectos
1217 2655 1482 2757 cognoveran13
1501 2660 1618 2731 caeteri

489 2868 492 2873 Ι
561 2776 608 2850 ab
626 2775 782 2873 Anglicis
793 2775 888 2873 capti
906 2771 1191 2846 asservabantur.

611 2900 653 2967 Et
668 2894 730 2966 illo
746 2892 879 2985 modo,
901 2916 967 2991 pro
986 2891 1047 2965 illa
1061 2892 1140 2964 vice
1153 2947 1162 2981 ‚
1177 2892 1343 2967 frustrato
1360 2893 1492 2967 civium
1508 2896 1617 2966 Fran·

474 3089 479 3102 ,
561 3034 757 3105 corumque
772 3022 922 3101 conatu,
940 3032 1003 3080 rex
1026 3032 1107 3081 cum
1128 3034 1193 3081 suo
1211 3010 1366 3081 exercitu
1390 3008 1435 3082 ad
1460 3024 1616 3082 castrum

561 3125 822 3199 Pontis-archas
847 3140 883 3197 et
917 3123 1017 3197 villas
1042 3124 1244 3225 adjacentes
1267 3150 1305 3199 se
1331 3124 1472 3199 reduxit
1490 3130 1512 3196 ¹.
1546 3124 1617 3197 Ubi

561 3266 663 3333 cum,
682 3239 852 3339 posthoc
875 3238 1018 3313 duobus
1043 3238 1199 3315 decursis
1222 3239 1365 3333 diebus,
1384 3240 1616 3327 constitisset,

562 3356 774 3453 habitusque
803 3356 945 3428 interim
979 3370 1177 3428 conventus
1211 3352 1330 3427 luisset
1355 3354 1452 3454 apud
1479 3356 1615 3447 villam,

562 3496 640 3571 quae
672 3472 781 3571 vulgo
806 3470 1268 3575 Portus-Sanctibudoenst
1285 3470 1497 3569 appellatur,
1526 3472 1620 3545 inter

562 3592 678 3689 regios
695 3590 958 3664 commissarios
979 3603 1014 3661 et
1030 3587 1217 3686 deputatos
1238 3586 1433 3683 anglorum
1449 3602 1556 3685 atque
1570 3588 1619 3659 ci·

563 3708 661 3781 vium
677 3704 837 3804 ejusdem
857 3702 994 3791 urbis⁸,
1015 3706 1052 3775 in
1077 3727 1150 3801 quo
1168 3702 1258 3775 nihil
1274 3702 1466 3777 diffinitum
1483 3703 1617 3797 luerat,

603 3939 632 3997 l.
654 3938 733 3996 Getta
746 3932 905 4013 entreprise
917 3944 967 3992 eut
982 3931 1041 3993 lieu
1056 3930 1085 3991 lc
1099 3934 1139 3991 lb
1156 3930 1273 3993 octobre
1291 3934 1379 3993 trra.
1405 3962 1417 3985 ι
1433 3938 1467 3995 In
1484 3934 1539 3996 boc
1555 3948 1620 3996 tru-

487 4025 492 4036 ’
562 4024 757 4086 calentissimo
778 4019 912 4081 conflictu
932 4020 1079 4101 sexaginta
1100 4021 1209 4103 egregii
1225 4040 1242 4081 e
1260 4020 1349 4081 Gallis
1369 4024 1471 4085 armati
1492 4039 1522 4085 et
1542 4026 1619 4086 cives

562 4111 770 4175 occubuerunt.
788 4138 802 4164 υ
817 4108 927 4172 Robert
940 4110 1078 4185 Blcndel‚
1094 4111 1114 4170 l.
1133 4132 1158 4171 c.

602 4210 633 4267 2.
653 4206 677 4267 Il
694 4204 788 4266 s'etait
799 4205 907 4263 aranee
920 4204 1037 4285 jnsqu'd
1052 4203 1200 4277 Demetal,
1216 4206 1295 4263 selon
1308 4208 1379 4266 Jsan
1394 4202 1534 4283 Chartitr,
1548 4206 1619 4267 dans

564 4297 724 4377 Godefroy‚
738 4318 769 4376 p.
785 4295 853 4354 l'l2.

603 4391 633 4449 ³.
656 4375 938 4460 Portsssaint·0uen,
963 4405 1014 4445 sur
1035 4384 1063 4443 la
1085 4380 1185 4459 Scine,
1207 4396 1287 4445 entre
1310 4382 1570 4447 sont-delumbe
1591 4397 1619 4446 ct

562 4476 673 4541 Rouen.

604 4564 632 4626 l.
658 4562 852 4625 «Gravissimi
865 4562 921 4623 viri
937 4560 1148 4643 archipraesulis
1162 4582 1297 4645 persuasa
1314 4564 1432 4625 assentit
1446 4562 1520 4639 (dus
1535 4568 1619 4625 Sum-

565 4654 695 4733 merseti)
711 4656 789 4735 qnod
805 4654 852 4717 vir
871 4656 987 4737 elegans
1007 4654 1142 4715 officiatis
1163 4658 1249 4729 (Jean
1270 4652 1402 4731 Dubosc)
1420 4668 1449 4714 et
1467 4652 1538 4713 civis
1553 4652 1618 4733 qui·
