3892 5892
377 998 383 1009 Ι
731 920 1024 981 mmmmm.
1343 926 1396 986 in

352 1042 400 1117 ad
412 1042 606 1124 aliudnon
621 1043 760 1142 prooui,
778 1042 916 1115 dietum
931 1046 1073 1115 Poena!
1081 1048 1104 1137 ¹,
1126 1044 1353 1121 obsidionem
1365 1062 1402 1121 et

349 1174 463 1233 eastra
483 1159 626 1233 locarit.
643 1158 846 1233 Adduxerat
859 1184 902 1233 ex
920 1160 1043 1256 Anglia
1053 1162 1092 1232 in
1109 1160 1297 1235 mactasse
1314 1186 1400 1261 por-

349 1276 464 1351 tatiles
480 1290 609 1375 pontes
623 1300 668 1349 ex
690 1274 793 1373 lignis
801 1305 821 1370 ,¹
835 1274 985 1349 reatibus
1005 1290 1040 1349 et
1059 1278 1272 1353 animalium·
1286 1294 1402 1377 tergo-

350 1388 533 1491 ribus'per
546 1406 666 1492 partes
680 1406 923 1481 oonstruotos,
943 1416 1028 1465 eum
1043 1392 1119 1467 aliia
1134 1392 1181 1467 ad
1197 1410 1403 1494 expugnau-

350 1508 415 1582 das
447 1508 555 1581 urbes
582 1522 690 1607 atque
717 1532 817 1581 aroeo
845 1509 1008 1607 plurimis
1039 1511 1216 1609 petrariie'
1233 1526 1269 1583 et
1298 1514 1402 1586 variis

350 1624 528 1699 bellorum
558 1620 828 1718 instrumentis,
866 1648 950 1697 oum
981 1622 1110 1722 quibua
1149 1640 1185 1698 et
1214 1626 1404 1701 latissimos

351 1742 502 1814 transire
516 1742 666 1835 fluvios,
681 1756 719 1813 et
735 1740 954 1826 firmissimas
967 1762 1212 1841 quaaoumque
1226 1744 1333 1817 urbes
1346 1744 1402 1817 rei

352 1878 451 1930 arces
474 1880 676 1957 expugnare
706 1855 842 1954 absque
872 1879 1004 1953 magno
1036 1858 1180 1955 negotio
1214 1860 1399 1957 potuisset.

350 1971 419 2044 Sed
452 1987 524 2045 tam
557 1974 594 2044 in
623 1971 763 2045 irritum
799 1984 907 2069 atque
937 1962 1134 2044 ludibrium
1165 1998 1290 2047 omnes
1326 1976 1403 2072 ejus

351 2103 500 2160 conatus
527 2100 794 2187 processerunt,
813 2085 895 2159 lieet
922 2100 1001 2159 turn
1027 2088 1186 2160 interris
1211 2090 1403 2188 inquibus

351 2202 478 2301 agebat
498 2226 610 2303 parva
630 2216 722 2275 esset
747 2218 783 2275 et
809 2203 892 2275 satis
907 2202 1025 2275 tenuis
1044 2206 1262 2276 Francorum
1280 2206 1403 2278 militia

351 2317 536 2415 (eoquod,
551 2332 591 2390 ut
606 2317 713 2415 paulo
726 2330 810 2389 ante
819 2316 985 2407 diximus,
996 2322 1214 2389 Francorum
1225 2342 1284 2389 rex
1296 2322 1404 2392 totius

351 2456 453 2531 pme
476 2435 576 2530 regni
600 2433 870 2531 oopiasaeeum
894 2433 933 2505 io
958 2432 1183 2530 Aquitaniam
1206 2434 1401 2529 traxerat),

352 2549 453 2648 quod
470 2549 558 2621 iliud
571 2564 729 2622 centrum
742 2551 897 2639 Panse,
915 2572 991 2620 non
1001 2545 1154 2620 multum
1172 2548 1321 2645 insigne,
1341 2550 1403 2623 sed

352 2664 555 2765 putrientis
576 2663 776 2757 momenti,
799 2662 899 2761 qnod
914 2664 992 2763 ipae
1019 2663 1083 2735 diu
1109 2662 1320 2753 obsederat,
1337 2686 1405 2737 nec

353 2804 581 2879 expugnare,
599 2803 667 2851 nee
682 2776 729 2852 ad
750 2776 973 2851 deditionem
989 2802 1115 2876 urgere
1136 2780 1312 2878 potueritp
1340 2780 1409 2863 sedv

352 2910 434 2995 poet
449 2896 542 2969 duos
555 2896 695 2969 oireiter
708 2920 848 2969 menses
858 2897 996 2995 quosin
1011 2920 1279 2995 eooperevano
1297 2912 1405 2995 atque

352 3014 482 3087 inutiii'
495 3014 706 3104 detriverat,
742 3011 932 3085 obsidione
959 3013 1098 3105 uoluta,
1128 3012 1291 3085 inefficax
1318 3038 1404 3087 curn

352 3156 453 3231 paene
470 3156 533 3203 sua
548 3144 626 3205 tota
641 3154 752 3231 quam
765 3130 914 3203 duxerat
929 3146 1051 3226 gente,
1070 3154 1135 3230 per
1150 3132 1407 3205 naiocismum·

353 3270 522 3319 remenso
537 3247 647 3339 mari,
676 3247 715 3317 in
733 3244 895 3343 angliam
912 3270 997 3317 eum
1015 3248 1149 3345 ingenti
1170 3246 1348 3320 dedecore
1370 3262 1406 3321 et
1439 3306 1442 3315 ,

353 3362 563 3447 confusione
578 3360 797 3459 permaxima
812 3359 969 3432 redierit.
1183 3438 1192 3458 ι

402 3482 494 3551 Cum
510 3492 631 3550 autem
649 3476 727 3575 ipse
743 3498 829 3547 eum
842 3489 941 3547 tanta
956 3498 1117 3549 reversus
1132 3489 1222 3548 esset
1237 3476 1403 3567 infamia,

353 3611 389 3671 et
404 3595 452 3671 ab
474 3593 668 3689 Augiorum
682 3592 927 3693 principibus,
944 3592 1076 3691 quibus
1091 3592 1249 3687 ingentia
1270 3616 1308 3663 se
1335 3591 1408 3665 iao-

353 3728 456 3786 turus
471 3711 703 3811 promiserat,
727 3708 981 3808 exprobrando
1006 3708 1262 3781 admoneretur
1277 3720 1318 3780 ut
1330 3722 1407 3779 tro·

353 3852 429 3925 pan
443 3842 479 3899 et
490 3824 677 3899 manubias
692 3821 907 3917 ostenderet,
925 3846 1017 3922 quaa
1031 3822 1078 3897 de
1091 3822 1205 3895 Gallia
1221 3823 1408 3896 invexisset

353 3945 391 4015 in
416 3945 598 4042 Angliam,
616 3942 843 4041 plurimaque
869 3940 1098 4038 hujusmodi,
1116 3940 1234 4013 'modo
1260 3963 1405 4030 coram,

354 4058 467 4130 modo
480 4061 518 4132 in
535 4058 677 4132 oeculto
690 4056 738 4132 ad
753 4056 865 4156 ipsius
879 4058 1115 4155 ignominiam
1130 4058 1239 4155 arrigo
1256 4080 1321 4155 per
1339 4060 1410 4127 An-

354 4170 460 4269 giiam
481 4175 713 4270 jactarentur,
741 4188 877 4249 tantam
899 4174 1053 4274 proinde
1076 4176 1185 4269 animi
1206 4172 1410 4245 moestitiam

354 4289 510 4387 aooepit,
528 4315 603 4362 non
618 4293 758 4364 valente
782 4292 893 4390 ipsius
908 4290 1104 4389 petulantia
1120 4304 1227 4387 atque
1245 4287 1411 4388 superbia

394 4562 425 4618 t.
447 4556 581 4619 mmm&
592 4559 871 4635 (ltine-efflue),
887 4562 981 4638 ieept
994 4559 1086 4619 lienes
1099 4556 1136 4618 de
1149 4558 1179 4617 Ιι
1190 4557 1336 4622 eumue.

395 4650 426 4707 Ξ.
447 4646 1109 4728 ὒ’ωω-ὣε,1ο1ωςόαώιαὼῦηὴι.
