3892 5892
534 876 591 937 ill
819 876 1083 936 nlsromannu·
1097 876 1233 937 cenom
1252 880 1306 939 vn

861 1135 1129 1205 ‘carnutum
1157 1137 1233 1205 XV.

645 1331 814 1405 &pugnatio
825 1331 970 1387 Pontim
980 1350 1029 1405 per
1039 1332 1179 1399 Carolum,
1192 1334 1358 1389 Francorum
1369 1340 1468 1409 regent.

581 1519 754 1587 Parantnr
768 1495 888 1610 itaque
903 1512 989 1585 belli
1001 1514 1124 1587 omnia
1142 1514 1428 1591 machinamenta
1442 1520 1487 1593 ad
1497 1520 1596 1597 inva-

532 1630 691 1706 dendum
705 1619 1055 1727 expugnandumque
1069 1630 1188 1727 ipsum
1202 1628 1390 1737 oppidum,
1403 1634 1502 1731 quod
1511 1662 1593 1735 pro-

532 1749 624 1820 fecto
642 1743 844 1832 moenibus,
864 1742 957 1816 vallo
974 1758 1080 1842 atque
1096 1743 1254 1816 turribus
1270 1760 1305 1816 et
1315 1750 1592 1847 propugnaculis

532 1874 608 1934 erat
627 1859 890 1947 firmissimum,
905 1859 1140 1958 plurimisque
1156 1858 1332 1932 machinis
1347 1860 1432 1934 belli
1450 1877 1484 1934 et
1500 1864 1592 1937 mili·

532 1975 625 2047 tibus
645 1972 799 2069 Anglicis
820 1973 973 2071 amplius
996 1970 1093 2045 mille
1110 1986 1145 2044 et
1162 1972 1324 2075 ducentis
1343 1974 1447 2047 valde
1473 1980 1590 2051 muni-

532 2105 621 2161 tum.
640 2087 911 2187 Contemplator
932 2112 1018 2178 rex,
1038 2087 1107 2167 loci
1127 2090 1362 2161 munitionem
1379 2092 1588 2190 explorans,
1699 2188 1705 2199 ι

532 2207 605 2303 qu'a
620 2218 720 2303 parte
736 2202 964 2275 commodius
982 2202 1187 2301 faciliusque
1204 2204 1355 2277 insultus
1370 2206 1448 2279 dari
1463 2222 1497 2279 et
1512 2235 1591 2309 per-

532 2325 591 2399 fici
608 2340 738 2425 posset.
759 2324 812 2397 nd
827 2340 963 2425 partem
982 2325 1078 2419 illam
1094 2314 1238 2423 aggeres
1252 2326 1455 2425 instruunt,
1476 2329 1589 2429 appli-

531 2458 658 2515 cantur
680 2456 878 2530 tormenta,
908 2442 1069 2542 petrariae
1102 2440 1341 2519 admoventur
1370 2444 1532 2545 maximae
1555 2460 1588 2517 et

530 2563 775 2656 validissimae,
798 2584 951 2659 quarum
981 2558 1109 2631 crebro
1129 2560 1228 2656 jactu
1256 2576 1291 2633 et
1318 2562 1473 2635 terrifico
1500 2590 1590 2662 qua·

530 2678 669 2750 tiuntur
685 2679 797 2769 muri,
826 2690 939 2760 turres
955 2674 1167 2770 franguntur
1183 2690 1219 2749 et
1239 2678 1508 2776 propugnacula
1524 2679 1587 2752 de-

527 2794 714 2890 jiciuntur,
745 2806 806 2881 ut,
824 2792 921 2861 intus
939 2790 1186 2863 exsistentibus
1209 2792 1347 2865 sublata
1372 2794 1589 2869 defendendi

531 2904 810 2999 commoditate,
835 2905 1136 3003 expugnatoribus
1161 2922 1266 3005 atque
1284 2908 1456 2982 insultum
1473 2912 1588 2984 danti·

530 3021 600 3093 bus
610 3019 748 3117 ingredi
763 3021 801 3091 in
817 3019 994 3119 oppidum
1003 3021 1149 3133 lagilitas
1164 3022 1391 3122 praeberetur.
1403 3029 1490 3114 Quae
1506 3054 1588 3101 cum

532 3138 580 3210 ita
604 3136 792 3237 tormentis
812 3151 847 3208 ct
873 3136 1036 3237 petrariis,¹
1062 3138 1219 3212 factitata
1244 3156 1380 3232 esseut,
1408 3158 1448 3215 ut
1473 3144 1589 3222 aditus

529 3253 672 3325 Francis
687 3268 831 3352 apertus
847 3253 1039 3346 videretur,
1058 3256 1094 3325 in
1110 3254 1241 3333 vallum
1257 3255 1389 3330 alacres
1403 3256 1586 3341 exsiliunt,

530 3369 725 3442 admovent
743 3369 855 3443 scalas
872 3369 919 3441 ad
937 3364 1200 3461 scandendum,
1220 3373 1396 3471 praecipue
1410 3373 1456 3447 ad
1467 3400 1589 3472 quam·

531 3487 619 3559 dam'
646 3488 771 3560 turrim
799 3486 1081 3576 firmissimam,
1112 3512 1190 3585 quae
1218 3490 1315 3585 jactu
1340 3503 1522 3587 petrarum
1548 3490 1584 3561 in

449 3618 453 3625 “
529 3604 721 3677 excelsiore
737 3620 837 3702 parte
860 3603 978 3676 diruta
1000 3604 1134 3694 suerat,
1153 3604 1418 3702 factumque'in
1437 3630 1477 3677 ea
1494 3607 1588 3679 fora·

529 3747 613 3794 men
629 3721 712 3793 satis
729 3743 912 3817 magnum.
928 3724 1027 3790 Tunc
1043 3719 1164 3792 videre
1181 3734 1255 3793 erat
1274 3724 1428 3793 Francos
1440 3721 1588 3794 viriliter

527 3852 564 3909 et
580 3836 740 3908 animose
755 3832 866 3904 scalas
886 3832 975 3904 alios
990 3832 1204 3924 ascendere,
1226 3833 1314 3907 alios
1335 3834 1506 3927 arcubus,
1522 3833 1587 3907 ba-

528 3955 615 4027 listis
639 3966 675 4024 et
691 3948 962 4038 bombardellis,
990 3974 1077 4047 quas
1096 3949 1299 4023 colubrinas
1317 3966 1352 4024 et
1368 3951 1588 4050 serpentinas

528 4082 676 4158 vocant,
698 4064 882 4139 lethiferos
904 4064 1059 4137 telorum
1088 4090 1130 4137 ac
1154 4064 1315 4164 lapidum
1333 4068 1449 4163 jactus
1469 4068 1506 4139 in
1528 4067 1588 4141 de·

530 4187 686 4276 sensores
699 4183 793 4255 muri
808 4181 1050 4278 turriumque,
1069 4180 1205 4279 absque
1222 4182 1294 4255 ulla
1309 4180 1584 4273 intermissione,

568 4430 597 4484 l.
623 4452 637 4480 ι
652 4430 694 4485 La
710 4436 776 4485 tour
792 4424 833 4485 du
855 4423 969 4497 Friche,
988 4423 1039 4501 qui
1055 4436 1097 4483 est
1115 4442 1165 4483 sur
1183 4422 1211 4484 le
1224 4422 1298 4485 bord
1318 4424 1355 4485 dc
1372 4424 1400 4485 la
1418 4425 1524 4485 rivierc
1549 4424 1586 4486 dc

527 4514 626 4591 roioe,
638 4513 765 4575 ducoste
778 4513 882 4574 devera
896 4513 924 4571 le
939 4526 1011 4594 pont
1021 4512 1058 4572 de
1071 4512 1207 4573 Meuium.
1226 4538 1240 4567 ι
1257 4516 1416 4593 chronique
1434 4516 1471 4573 de
1483 4518 1584 4593 Berry,

530 4603 602 4664 dans
615 4601 774 4680 Godefroy,
791 4624 822 4682 p.
838 4605 907 4661 415.
