3892 5892
747 897 855 955 Lmen
875 895 1046 970 QUINTUS.
1365 900 1423 958 tta

370 1035 461 1086 surae
488 1014 699 1087 addicantur
724 1018 860 1091 misene
895 1020 1076 1111 servituti5
1105 1043 1184 1117 quae
1208 1043 1283 1091 non
1307 1021 1427 1092 minus

371 1129 486 1224 gravis
499 1141 606 1227 atque
619 1117 894 1232 molesta'quam
915 1133 1111 1233 periculum
1134 1133 1232 1231 quod
1250 1133 1297 1206 ab
1313 1133 1425 1206 hosti·

371 1241 438 1315 bus
453 1245 634 1318 incurrere
658 1264 824 1347 possent,
843 1249 918 1322 imo
941 1249 1082 1346 gravior
1101 1263 1196 1322 certe
1217 1263 1324 1346 atque
1341 1273 1426 1320 mo-

371 1357 494 1431 lestior
510 1385 586 1433 esse
601 1359 838 1436 verisimiliter
855 1365 969 1463 possit
988 1391 996 1434 :
1018 1364 1116 1438 unde
1138 1362 1269 1437 talibus
1285 1363 1353 1436 sibi
1370 1388 1426 1436 re·

372 1472 499 1547 mediis
512 1476 659 1549 minime
676 1501 871 1576 opusesse,
883 1503 963 1576 quae
972 1479 1073 1579 ipsis,
1088 1503 1166 1577 quae
1176 1463 1426 1566 formidantur,

372 1591 538 1689 periculis
552 1593 728 1670 deteriora
745 1610 882 1686 essent,
899 1609 935 1668 et
949 1595 1075 1668 durius
1090 1621 1152 1668 eos
1169 1595 1425 1696 opprimerent.

419 1705 563 1779 Talibus
575 1733 613 1780 se
631 1708 908 1806 Burdogalenses
924 1724 960 1782 et
969 1714 1172 1783 Vasconum
1185 1711 1290 1806 legati
1303 1709 1430 1805 allega·

373 1820 532 1894 tionibus
548 1821 648 1920 apud
657 1848 777 1918 regem
788 1826 1027 1916 Francorum,
1041 1848 1109 1922 pro
1119 1822 1283 1923 pollicitis
1296 1822 1430 1896 eisdem

373 1936 669 2024 immunitatibus,
686 1939 969 2011 constantissime
980 1937 1234 2031 defendebant,
1254 1937 1430 2038 supplices

373 2069 515 2153 semper
539 2054 576 2125 in
602 2079 727 2126 eorum
753 2055 917 2154 primitus
940 2054 1068 2127 laetam
1084 2055 1359 2154 postulationem
1376 2081 1432 2128 re·

374 2185 575 2258 currentes,
595 2164 770 2267 quatenus
785 2169 888 2266 regia
904 2169 1077 2266 majestati
1095 2168 1270 2267 placeret,
1288 2193 1369 2267 quae
1382 2171 1433 2242 eis

374 2283 604 2382 promiserat,
615 2282 767 2356 fideliter
781 2283 895 2356 iacere
906 2283 1106 2375 observari,
1126 2285 1432 2381 quemadmodum

375 2411 412 2470 et
426 2397 493 2496 ipsi
516 2397 723 2470 fidelitatem
743 2397 811 2469 sibi
828 2399 984 2493 juratam
1006 2396 1257 2470 inviolabiliter
1278 2412 1314 2470 et
1341 2399 1432 2470 inte·

375 2527 510 2606 merate
526 2538 666 2586 servare
680 2513 825 2586 vellent.
843 2511 914 2586 Sed
926 2513 984 2586 his
1001 2537 1076 2585 ooo
1102 2511 1344 2600 obstantibus,
1369 2536 1434 2612 per

375 2643 558 2702 exactores
578 2621 834 2728 pecuniarum,
858 2629 1064 2727 capitaneos
1081 2651 1123 2700 ac
1147 2608 1256 2701 duces
1280 2626 1434 2700 militum

376 2769 566 2844 persuasus
574 2770 793 2840 rex,eorum
801 2769 925 2845 preces
934 2746 1083 2818 minime
1094 2745 1263 2819 exaudire
1273 2744 1431 2834 curavit3

377 2860 441 2933 sed
468 2862 514 2934 ad
539 2861 790 2952 tolerandum,
821 2885 889 2960 pro
919 2861 1081 2935 custodia
1106 2862 1244 2961 patriae,
1273 2861 1435 2934 militiam

377 2976 484 3049 simul
509 3001 593 3050 com
614 2975 755 3050 tributis
779 2992 815 3049 et
837 2976 1083 3050 exactionibus
1108 3001 1170 3050 eos
1195 2975 1434 3075 adjudicavit,

378 3091 563 3188 taliterque
573 3091 757 3191 expeditos
774 3090 820 3164 ad
837 3093 985 3192 propria
998 3092 1145 3166 remisit.

743 3337 1000 3410 carnutum
1026 3337 1069 3404 V.

397 3527 437 3580 Ex
454 3525 626 3597 responsione
636 3523 808 3598 uera-lepris
816 3525 990 3666 Vaqoodqppn,
1002 3539 1059 3576 non
1075 3523 1160 3578 notro
1171 3535 1231 3596 post
1242 3522 1293 3596 ipsi
1305 3523 1422 3596 mlieis

820 3631 849 3666 ae
878 3630 893 3665 e
979 3622 1000 3664 t.

431 3789 522 3859 Cum
537 3797 657 3856 autem
679 3781 747 3880 ipsi
765 3805 808 3854 ex
829 3778 919 3852 urbe
936 3777 1091 3851 Biturica
1108 3777 1145 3850 io
1167 3801 1238 3876 qua
1262 3775 1437 3877 expediti,

383 3915 424 3972 ut
440 3897 614 3990 diximus,
640 3896 797 3986 fuerant,
824 3895 861 3966 io
881 3893 1032 3994 patriam
1056 3891 1102 3965 ad
1119 3916 1202 3964 suos
1217 3889 1440 3964 contribulos

383 4016 626 4104 revertissent,
648 4027 755 4110 atque
774 4035 817 4084 ea
834 4034 913 4108 quae
932 4033 998 4110 per
1018 4031 1081 4082 eos
1105 4021 1202 4105 gesta
1225 4007 1366 4079 fueraut
1387 4029 1442 4078 re·

384 4129 545 4202 tulissent
571 4143 607 4201 et
633 4128 784 4226 qualiter
811 4127 847 4198 in
872 4126 945 4197 suis
970 4121 1271 4224 postulationibus
1293 4122 1441 4194 minime

385 4245 530 4317 fuissem
550 4242 725 4336 exauditi,
749 4242 842 4326 miro
864 4239 975 4312 modo
1000 4263 1126 4311 omnes
1151 4239 1277 4312 incolae
1299 4237 1440 4310 illarum

385 4375 559 4432 terrarum
586 4357 832 4456 hujuscemodi
857 4355 979 4428 mtam
1008 4379 1079 4426 sum
1107 4353 1356 4452 supplicationi
1385 4377 1440 4426 re·

386 4475 526 4578 pubem
551 4499 641 4570 agre
666 4473 842 4563 tulerunt,
869 4471 1110 4567 conjectantes
1132 4494 1175 4540 ex
1205 4469 1274 4540 hoe
1299 4493 1337 4540 se
1367 4493 1440 4540 uon

387 4589 548 4667 dissimili
566 4603 673 4684 atque
690 4587 823 4686 dispari
840 4583 983 4658 tandem
1001 4584 1119 4658 addici
1134 4584 1310 4678 servituti,
1334 4607 1444 4683 quam
