3892 5892
558 861 619 923 250
836 861 1096 923 HISTORIARUH
1117 859 1254 924 canon
1275 863 1329 922 vu

557 986 654 1059 idem
678 992 800 1058 comes
821 985 858 1058 id
885 986 1103 1082 agnovisset,
1126 985 1189 1083 qui
1210 984 1406 1058 admodum
1432 986 1635 1082 magnani-

558 1128 638 1182 mus
657 1116 752 1193 erat,
774 1102 945 1176 audacter
963 1100 1111 1176 eosdem
1131 1125 1314 1200 aggressus
1335 1103 1371 1174 in
1395 1101 1527 1199 bugam-
1540 1125 1632 1174 vem

558 1221 599 1290 tit
614 1220 637 1307 ¹,
662 1243 796 1316 eosque
817 1219 865 1290 ad
885 1217 1018 1290 ruoenia
1038 1239 1151 1314 usque
1173 1231 1209 1289 et
1232 1231 1353 1314 portas
1374 1215 1472 1288 urbis
1495 1239 1630 1314 perse·

553 1348 680 1424 cutus,
717 1359 761 1418 ex
791 1335 843 1407 eis
879 1333 1055 1431 plurimos
1084 1331 1143 1404 vei
1176 1330 1327 1422 occidit,
1363 1330 1418 1403 vel
1456 1332 1628 1428 captivos

558 1448 716 1522 abduxit.
744 1455 827 1522 Post
851 1448 1121 1546 (podismum,
1142 1471 1209 1520 nee
1226 1445 1316 1518 ultm
1340 1445 1387 1518 de
1412 1445 1540 1545 proelio
1564 1445 1625 1518 fa·

557 1565 704 1652 ciendo,
722 1589 789 1636 uec
808 1565 855 1638 de
876 1561 1041 1636 exeundo
1061 1576 1188 1642 contra
1206 1565 1366 1634 Francos
1377 1573 1475 1632 extra
1496 1561 1624 1632 muni·

559 1679 674 1750 tiones
703 1702 785 1751 suas
815 1678 1030 1775 cogitarunt.
1071 1677 1345 1775 Comperierunt
1360 1677 1478 1746 'eninr
1509 1697 1549 1747 se
1579 1689 1623 1747 et

542 1795 666 1866 ‘armis
681 1808 718 1865 et
736 1793 872 1866 viribus
890 1797 1109 1865 Francorum
1129 1791 1175 1865 ad
1194 1789 1441 1864 dimicandum
1464 1790 1619 1866 nimium

558 1909 731 2005 impares,
762 1906 825 1981 ubi
855 1907 1120 2006 inpotentibus
1149 1907 1284 2005 eampis
1308 1904 1619 2000 congrediendum

557 2020 661 2092 foret.
686 2020 801 2112 Unde,
816 2022 877 2098 ilia
888 2022 990 2096 clade
1003 2034 1184 2120 suscepta,
1203 2020 1354 2119 postbse
1369 2021 1517 2092 minime
1532 2043 1617 2092 curn

557 2135 642 2233 ipsis
661 2136 828 2235 proelium
849 2139 939 2211 inire
956 2137 1035 2209 ausi
1055 2137 1211 2210 fuerunt.
1231 2140 1322 2209 Cum
1343 2151 1463 2209 autem
1482 2133 1618 2233 oppida

557 2251 742 2350 prtedicta,
777 2267 818 2325 ut
841 2254 1011 2343 diximus,
1038 2277 1114 2324 sese
1139 2253 1271 2326 dedere
1285 2267 1423 2325 -eoacta
1449 2250 1616 2340 fuissent,

558 2390 638 2463 quoe
658 2368 792 2438 caeteris
814 2366 1017 2441 civitatibus
1042 2381 1077 2442 et
1099 2367 1250 2440 castellis
1271 2368 1328 2439 vel
1350 2364 1513 2466 oppidis,
1538 2389 1619 2462 quae

558 2481 705 2554 ditionis
719 2481 913 2580 Auglorum
928 2493 1049 2568 erant,
1063 2483 1256 2554 munitiora
1269 2480 1500 2580 putabantur,
1517 2478 1618 2552 facile

559 2596 723 2669 veniente
733 2584 893 2670 ‘exercitu
910 2597 956 2670 ad
978 2596 1064 2674 alius
1080 2598 1238 2670 civitates
1249 2611 1289 2668 et
1310 2595 1467 2696 oppida,
1486 2595 1618 2694 pariter

558 2691 667 2784 ctiam
682 2711 845 2807 singulae,
869 2735 944 2785 non
970 2726 1215 2810 exspectantes
1243 2712 1375 2784 damna
1405 2725 1511 2809 atque
1536 2735 1617 2782 mo-

559 2824 676 2897 lestias
698 2825 947 2914 obsidionum,
963 2821 1051 2908 ¹sese
1084 2825 1321 2918 dediderunt,
1345 2827 1492 2924 antiqua
1517 2840 1616 2898 terrae

559 2926 720 3010 libertam
736 2939 787 3010 eis
804 2962 973 3011 concessa
994 2953 1030 3011 et
1052 2940 1247 3038 promissa,
1266 2942 1303 3014 in
1320 2964 1391 3040 qua
1407 2940 1475 3014 sub
1490 2939 1615 3036 inglo-

559 3075 640 3122 rum
661 3049 804 3148 regibus
819 3051 929 3151 longo
943 3077 1019 3126 aevo
1036 3053 1104 3154 ipsi
1123 3052 1294 3128 vixerant.

607 3170 686 3240 Hoc
708 3153 804 3240 idem
838 3183 875 3242 et
910 3169 1134 3269 burdegala,
1156 3170 1266 3242 totius
1298 3170 1420 3268 patriae
1448 3183 1614 3270 caputet

561 3281 784 3382 metropolis,
806 3275 1027 3356 licet'minus
1044 3284 1261 3372 voluntarie,
1281 3283 1374 3356 iecit.
1395 3283 1465 3356 Sed
1480 3284 1613 3383 perspi·

558 3396 657 3470 ciens
689 3402 904 3470 Francorum
937 3399 1133 3499 potentiam
1150 3412 1204 3470 ‘et
1237 3396 1330 3470 vires
1361 3395 1430 3472 sibi
1467 3398 1614 3494 gmviter

559 3511 766 3604 imminere,
792 3514 978 3604 ediverso
1003 3513 1149 3608 veroin
1175 3512 1297 3608 Anglia
1323 3510 1557 3585 seditionibus
1579 3527 1612 3584 et

560 3624 691 3714 turbis,
721 3626 955 3725 civilibusque
975 3625 1011 3701 ei
1030 3627 1219 3726 piusquam
1242 3625 1406 3699 civilibus
1425 3623 1610 3728 dissensio·

560 3739 665 3813 nibus
689 3742 781 3814 inter
800 3742 980 3841 principes
999 3757 1036 3815 et
1054 3725 1219 3840 proceres
1243 3742 1361 3838 regni,
1382 3743 1506 3814 omnia
1528 3765 1610 3812 cen·

560 3856 685 3948 fundi,
703 3881 845 3956 sperare
865 3882 939 3929 non
956 3858 1075 3958 potuit
1090 3856 1335 3930 subventionis
1347 3871 1454 3955 atque
1469 3881 1609 3930 succur-

558 3995 620 4044 sus
629 3974 756 4046 solatia
769 3997 792 4061 a
807 3997 919 4069 regno
937 3974 1066 4071 Angiiae
1081 3957 1167 4044 tunc
1184 3972 1356 4070 consequi
1373 3996 1490 4072 posse.
1508 3973 1610 4069 igitur

559 4115 753 4167 occurrens
776 4089 960 4189 perieulis,
990 4075 1190 4189 potioribus
1209 4113 1316 4188 quam
1344 4090 1459 4188 potuit
1480 4087 1610 4184 legibus

558 4206 733 4304 acceptis,
759 4209 795 4309 in
810 4205 869 4302 jus
893 4195 1139 4302 ditionemque
1161 4208 1380 4278 Francorum
1402 4205 1606 4276 concessitt.

476 4487 481 4494 ·
600 4469 630 4526 t.
647 4469 734 4539 ,cette
745 4464 842 4527 action
855 4477 906 4526 eut
918 4460 980 4526 lieu
994 4465 1022 4526 la
1037 4467 1078 4524 μ’
1091 4463 1250 4524 novembre
1266 4466 1354 4523 teto.
1445 4430 1450 4439 ι

599 4569 629 4624 2.
652 4564 868 4637 rsjuinrtsr.
