3892 5892
556 909 615 967 atu
841 905 1094 964 Bistultltttuu
1115 907 1249 966 CAROLI
1269 910 1322 964 vlt

558 1034 645 1103 tium
665 1053 751 1102 vero
773 1035 887 1102 Guvre
902 1032 911 1067 ¹
928 1028 1140 1118 vocabalum
1160 1056 1202 1102 ex
1227 1029 1357 1128 quibus
1379 1031 1520 1122 castris,
1549 1030 1609 1126 qui

557 1146 607 1218 ibi
619 1170 685 1244 pro
698 1140 861 1216 custodia
873 1167 896 1224 a
910 1143 1158 1216 Gandensibus
1173 1145 1311 1220 inerant
1326 1146 1511 1235 collocati,
1531 1147 1610 1244 plu·

557 1260 647 1332 rima
669 1259 800 1331 damna
830 1259 930 1330 terris
961 1257 1135 1350 finitimis,
1166 1261 1378 1360 rapinasque
1408 1285 1449 1333 ac
1472 1260 1611 1359 praedas

557 1377 685 1450 multas
705 1378 873 1450 fecerant.
900 1374 1103 1447 Adventans
1123 1377 1229 1474 igitur
1255 1378 1418 1475 praelatus
1445 1378 1612 1475 princeps

555 1518 639 1565 cum
652 1493 807 1564 exercitu
823 1490 978 1586 bellique
995 1491 1167 1562 machinis
1184 1507 1289 1589 atque
1310 1492 1554 1564 instrumentis
1567 1488 1611 1562 ad

556 1607 856 1705 expugnationem
870 1602 1012 1674 urbium
1025 1604 1230 1702 arciumque
1243 1605 1475 1703 opportunis,
1495 1605 1611 1702 primo

557 1724 604 1796 ad
625 1724 761 1795 dictum
782 1734 935 1792 castrum
957 1719 1003 1792 dc
1025 1725 1205 1819 Poncqnes
1225 1721 1451 1794 obsidionem
1473 1721 1610 1822 posuit,

558 1837 813 1931 machinasque
833 1860 875 1907 ac
899 1836 1069 1933 petrarias
1086 1836 1320 1910 validissimas
1336 1837 1513 1930 admovit;
1536 1836 1612 1932 qui·

558 1953 741 2040 boscum,
762 1951 855 2022 intra
868 1951 1102 2047 paucissimos
1117 1949 1212 2041 dies,
1235 1965 1348 2023 turres
1361 1966 1397 2023 et
1409 1973 1613 2050 propugna-

557 2065 637 2137 cula
649 2065 852 2162 dejecisset,
873 2065 1037 2137 obsessos
1053 2063 1098 2136 ad
1116 2064 1316 2138 laciendum
1332 2066 1556 2139 deditionem
1570 2063 1612 2136 ad

558 2179 718 2277 ejusdem
749 2179 973 2252 voluntatem
1003 2179 1131 2251 invitos
1158 2180 1286 2278 adegit.
1318 2186 1396 2270 Qua
1427 2182 1478 2252 sic
1503 2181 1612 2267 lacta,

559 2319 686 2368 omncs
704 2295 872 2395 patibulis
893 2294 1037 2366 suffixos
1060 2295 1265 2392 laqueisque
1287 2297 1545 2395 strangulatos,
1567 2296 1616 2365 vi·

561 2427 633 2484 tam
667 2411 909 2511 impietatibus
940 2411 1060 2482 multis
1093 2412 1305 2484 maculatam
1341 2412 1442 2484 linire
1478 2411 1617 2509 adjudi-

555 2529 657 2606 cavit
672 2543 708 2600 et
723 2529 814 2601 lecit.

610 2645 717 2733 Quod
731 2658 921 2743 postquam
937 2668 981 2715 eo
998 2643 1110 2714 modo
1130 2642 1325 2716 factitatum
1344 2657 1451 2734 esset,
1471 2643 1520 2716 ad
1537 2643 1619 2714 alte·

563 2786 643 2832 rum
665 2772 818 2832 castrum
841 2756 887 2828 de
909 2756 1144 2828 Skendelbclrc
1161 2761 1172 2796 ¹
1188 2757 1347 2829 similiter
1367 2757 1563 2829 exercitum
1587 2767 1619 2825 et

563 2873 648 2946 belli
680 2872 864 2945 machinas
904 2870 1084 2958 admovit;
1120 2896 1194 2968 quo
1222 2872 1422 2944 brevissimi
1450 2869 1620 2970 temporis

566 3011 669 3086 mora
685 2988 792 3057 etiam
811 2985 995 3083 expedito,
1013 2987 1089 3083 pari
1105 3010 1251 3084 quoquc
1267 2988 1457 3086 supplicio,
1476 2989 1542 3084 qui
1559 2980 1620 3084 [in]

569 3101 631 3174 illo
647 3099 860 3197 deprehensi
877 3099 1038 3189 lucrant,
1057 3101 1174 3173 allecti
1186 3102 1296 3174 luere.

616 3215 779 3286 Exterriti
792 3213 843 3304 hi,
859 3214 920 3312 qui
937 3213 990 3286 ad·
999 3216 1199 3288 custodiam
1213 3217 1357 3290 alterius
1373 3217 1493 3309 castri,
1511 3214 1621 3289 nomi·

568 3331 642 3402 nati
658 3335 789 3420 Gerre,
804 3330 911 3402 locati
925 3345 1045 3424 erant,
1059 3355 1101 3404 ac
1118 3332 1228 3402 nimio
1245 3331 1358 3403 allecti
1371 3356 1520 3429 pavore,
1542 3353 1621 3403 cum

571 3471 645 3518 non
680 3446 886 3520 dissimilem
916 3447 1051 3518 exitum
1077 3471 1115 3518 se
1146 3461 1328 3544 sperarent
1353 3446 1561 3538 habituros,
1595 3441 1623 3514 si

572 3562 798 3635 obsidionem
821 3562 928 3634 etiam
950 3563 1017 3662 ipsi
1040 3577 1303 3663 exspectarent,
1328 3576 1362 3634 et
1386 3577 1461 3634 tum
1484 3564 1530 3635 de
1556 3561 1622 3634 fide

572 3701 615 3750 ac
639 3677 821 3777 promissis
847 3677 1093 3750 Gandensium
1117 3702 1191 3748 non
1220 3675 1391 3749 auderent
1422 3675 1620 3758 confidere,

575 3796 637 3891 qui
672 3793 760 3864 alios
797 3795 835 3865 in
865 3792 1008 3864 duobus
1046 3791 1224 3891 prioribus
1263 3792 1350 3863 locis
1390 3791 1549 3890 perditos
1585 3788 1623 3860 iri

575 3909 799 4005 reliquissent
833 3909 968 4006 absque
999 3907 1070 3978 ulla
1097 3905 1326 3998 defensione,
1358 3923 1484 3979 contra
1518 3906 1623 3979 fidem

575 4026 874 4126 pollicitationum
896 4048 1058 4110 suarum,
1084 4025 1295 4096 nuntiarunt
1318 4021 1569 4096 Gandensibus
1590 4042 1625 4092 se

578 4140 724 4212 minime
741 4152 1003 4236 exspectaturos
1020 4135 1264 4228 obsidionem,
1284 4136 1345 4208 scd
1367 4136 1486 4210 locum
1510 4136 1625 4234 potius

577 4257 696 4355 ipsum
731 4279 884 4328 vacuum
916 4255 1114 4326 relicturos.
1150 4253 1256 4341 Quod
1285 4277 1368 4325 cum
1405 4253 1626 4324 intellexisset

619 4445 648 4499 l.
668 4446 723 4501 Les
735 4440 878 4500 chaterun
887 4440 924 4498 de
937 4441 1068 4516 Pandae,
1083 4439 1120 4500 de
1132 4439 1346 4502 schendelbelte
1359 4455 1388 4500 et
1402 4439 1438 4500 de
1451 4443 1556 4502 Gerre.

619 4533 648 4590 2.
671 4536 726 4588 hes
741 4531 906 4608 operatione
924 4531 1156 4590 commeruerent
1170 4551 1208 4589 au
1225 4531 1368 4590 contraire
1389 4549 1442 4609 par
1460 4530 1488 4588 la
1503 4531 1578 4610 prise
1593 4525 1626 4584 de

579 4617 808 4692 Sebenrlelbelre;
825 4621 938 4678 Pouclte
951 4619 995 4680 sut
1009 4623 1126 4700 attaqur'·
1138 4639 1174 4680 en
1187 4619 1292 4678 second
1306 4621 1375 4682 lieu.
