3892 5892
604 902 677 960 306·
890 899 1148 974 umoataauu
1167 897 1308 972 csaou
1328 899 1384 957 vn

602 1061 759 1138 eumque
784 1038 1037 1138 hospitalitatis
1066 1037 1186 1112 officio
1213 1035 1451 1158 tractandum
1474 1051 1646 1134 procurro·

603 1154 766 1253 dumque
781 1155 1015 1253 suscepisset,
1032 1169 1161 1252 postea
1174 1151 1330 1252 perdere
1346 1151 1475 1243 vellet,
1494 1171 1570 1222 eum
1582 1141 1646 1216 red·

605 1272 696 1346 dens
725 1273 781 1362 ei,
811 1272 927 1367 cujus·
946 1269 995 1344 oh
1028 1285 1167 1360 metum
1193 1270 1240 1344 ad
1271 1295 1311 1344 se
1347 1266 1417 1342 suh
1447 1263 1571 1338 fiducia
1597 1258 1649 1330 hu

598 1389 785 1462 'manitatis
814 1385 1097 1484 confugiendum
1128 1385 1308 1480 duxisset;
1347 1382 1451 1482 quod
1484 1381 1513 1454 si
1544 1377 1577 1450 id
1604 1371 1647 1447 vel

604 1506 706 1578 tenni
722 1504 930 1601 conjectura
948 1502 1202 1600 suspicaretur,
1219 1502 1344 1574 forsan
1363 1500 1413 1572 ad
1432 1499 1548 1570 hostes
1559 1488 1648 1590 puris

605 1642 853 1718 quoscumque
870 1617 975 1689 citius
992 1617 1248 1714 transfugeret,
1274 1641 1389 1714 quem
1413 1638 1499 1686 vero
1520 1608 1579 1682 sibi
1596 1604 1648 1675 de·

606 1735 713 1808 ferret
736 1734 930 1823 honorem,
950 1756 1025 1804 non
1047 1745 1122 1804 tarn
1139 1731 1208 1804 sibi
1233 1755 1348 1829 quam
1367 1729 1484 1830 patri,
1503 1725 1592 1822 cujus
1611 1716 1647 1790 ad

603 1849 783 1924 honorem
796 1847 834 1919 id
847 1847 978 1922 iaceret
990 1846 1162 1946 regiaeqne
1176 1851 1402 1922 Francorum
1418 1845 1545 1918 domus
1556 1832 1647 1936 (unde

605 1979 642 2035 et
658 1966 733 2063 ipse
746 1963 893 2036 duceret
910 1962 1119 2060 originem),
1138 1987 1260 2058 regem
1283 1962 1423 2040 debere
1449 1959 1644 2040 existimare,

605 2103 675 2152 nec
689 2079 806 2152 vereri
817 2078 1058 2178 quovismodo
1074 2092 1114 2150 ut
1129 2080 1205 2177 ipse
1221 2078 1289 2150 sibi
1301 2093 1433 2152 contra
1445 2091 1592 2181 patrem,
1603 2063 1646 2136 vel

605 2196 682 2293 ejus
707 2219 860 2294 regnum
883 2194 1084 2293 quidquam
1108 2193 1228 2267 moliri
1253 2209 1316 2269 aut
1342 2219 1451 2294 agere
1473 2187 1645 2294 permittatt

605 2336 796 2385 suasurum
811 2311 964 2384 libenter
989 2310 1065 2383 sibi'
1075 2327 1115 2384 ut
1136 2311 1175 2384 in
1199 2327 1341 2410 patrem
1359 2307 1596 2386 obedientiam
1614 2320 1646 2368 ac

605 2433 841 2505 reverentiam
852 2431 1101 2519 omnimodam
1112 2431 1250 2506 debitas
1265 2431 1451 2528 observet,
1468 2431 1512 2503 de
1524 2427 1646 2524 ejusque
1731 2473 1732 2484 η

603 2547 792 2621 clementia
808 2563 845 2620 et
863 2547 995 2647 pietate
1016 2562 1056 2620 ut
1070 2547 1274 2622 nullatenus
1288 2547 1530 2632 diffidendum
1546 2547 1643 2642 puicu

604 2658 644 2740 et
657 2666 704 2739 ad
720 2665 759 2738 id
771 2679 943 2769 conatum
956 2690 1104 2738 omnem
1114 2689 1153 2738 se
1168 2665 1380 2768 impendere
1393 2658 1596 2768 spondebat.
1606 2654 1647 2722 De

605 2783 738 2880 treugis
754 2783 884 2874 etiarn,
903 2805 992 2878 quas
1012 2807 1096 2854 cum
1113 2783 1234 2880 Anglis
1250 2785 1382 2860 inierat
1398 2799 1433 2857 et
1447 2774 1604 2860 habebah
1619 2786 1646 2835 ⁵²

609 2895 824 2991 defendens,
843 2897 1016 3004 plurimas
1032 2899 1189 2971 rationes
1204 2900 1401 2996 afferebat,
1421 2910 1564 3010 propter
1577 2901 1646 2984 q1¹³⁵

606 3014 841 3117 protenderet
851 3016 932 3112 jure
945 3016 982 3088 id
1000 3016 1066 3089 sibi
1082 3018 1197 3093 lacere
1213 3021 1379 3116 licuisse,
1399 3022 1447 3096 ad
1462 3017 1566 3120 idque
1575 2997 1646 3080 mul·

606 3133 652 3207 tis
666 3131 875 3204 necessariis
891 3145 928 3202 et
944 3133 1153 3230 urgentibus
1165 3139 1280 3216 causis
1295 3138 1404 3215 fuisse
1424 3125 1642 3231 compulsum,

607 3272 708 3346 quas,
728 3248 829 3346 quod
848 3249 1031 3348 prolixum
1046 3265 1080 3323 et
1096 3251 1295 3348 legentibus
1309 3253 1431 3330 forsan
1448 3243 1644 3324 fastidiosum

607 3365 700 3438 ellici
716 3380 857 3466 posset,
877 3367 939 3440 hic
956 3369 1104 3441 minime
1118 3371 1273 3456 inserere
1288 3371 1483 3448 voluimus.

656 3481 726 3553 Sed
752 3507 836 3555 cum
862 3482 1049 3586 Philippus
1073 3487 1368 3585 responsionibus
1400 3487 1545 3564 minime
1572 3465 1643 3564 regis

606 3601 728 3695 animo
743 3599 971 3694 satisfaceret,
990 3616 1026 3674 et
1042 3606 1251 3698 asserentis,
1269 3607 1318 3679 ob
1332 3609 1387 3681 sui
1405 3611 1574 3684 honorem
1586 3586 1643 3706 sire

606 3718 842 3788 reverentiam
856 3715 955 3809 fieri,
976 3718 1075 3816 quod
1094 3717 1168 3795 filio
1189 3746 1255 3793 suo
1271 3723 1475 3799 contumaci
1495 3731 1529 3792 et
1542 3694 1642 3784 tabell

607 3829 849 3924 exhiberetur,
867 3833 1041 3906 aestimare
1063 3859 1138 3918 non
1156 3860 1291 3936 posse,
1308 3839 1452 3914 crebras
1476 3851 1510 3908 et
1528 3827 1644 3902 iremus

607 3972 674 4049 pro
697 3946 824 4020 eadem
840 3972 947 4020 causa
967 3947 1163 4046 legationes
1190 3957 1382 4054 repetivit:
1407 3980 1481 4032 uon
1502 3941 1644 4021 omittens

606 4077 727 4136 tamen
741 4077 997 4164 apparamento
1010 4065 1183 4140 lacere'ad
1197 4069 1483 4146 subveniendum
1499 4053 1641 4140 ilenrico

606 4177 730 4278 nepoti
747 4201 827 4268 suo,
844 4175 1041 4275 Anglorum
1059 4181 1146 4279 regi,
1166 4197 1205 4260 ut
1223 4185 1259 4256 in
1277 4212 1427 4286 regnum
1443 4203 1555 4266 suum,
1571 4180 1641 4266 q¹¹⁰2

606 4308 646 4365 ut
659 4293 898 4383 narravimus,
912 4293 1036 4396 pulsus
1049 4296 1176 4390 suerat,
1191 4302 1360 4376 eumdem
1373 4301 1506 4378 restitui
1521 4287 1640 4365 taceret,

605 4421 641 4483 et
654 4407 863 4482 Edoardum
873 4425 1082 4508 regnantem
1093 4412 1301 4490 deturbaret
1310 4445 1434 4518 regno.
1448 4425 1531 4510 Quae
1540 4408 1643 4479 contra

604 4548 643 4596 se
660 4523 780 4596 moliri
797 4550 881 4599 cum
898 4525 1031 4599 ducem
1047 4531 1344 4626 Burgundionum
1359 4539 1503 4612 minime
1517 4519 1640 4600 lauret,

604 4637 703 4713 velut
718 4640 905 4742 quoddam
915 4641 1014 4741 pacis
1025 4667 1096 4716 suae
1109 4643 1238 4745 pignus
1248 4627 1285 4724 et
1297 4641 1491 4728 securitatis
1505 4642 1548 4717 de
1562 4641 1640 4722 reth
