<?xml version="1.0" encoding="UTF-8"?>
<!DOCTYPE html PUBLIC "-//W3C//DTD XHTML 1.0 Transitional//EN"
    "http://www.w3.org/TR/xhtml1/DTD/xhtml1-transitional.dtd">
<html xmlns="http://www.w3.org/1999/xhtml" xml:lang="en" lang="en">
 <head>
  <title>
</title>
<meta http-equiv="Content-Type" content="text/html;charset=utf-8" />
  <meta name='ocr-system' content='tesseract 3.04.00' />
  <meta name='ocr-capabilities' content='ocr_page ocr_carea ocr_par ocr_line ocrx_word'/>
</head>
<body>
  <div class='ocr_page' id='page_1' title='image "./histoiredesrgne01amelgoog_0286.png"; bbox 0 0 3892 5892; ppageno 0'>
   <div class='ocr_carea' id='block_1_1' title="bbox 502 892 1373 955">
    <p class='ocr_par' dir='ltr' id='par_1_1' title="bbox 502 892 1373 955">
     <span class='ocr_line' id='line_1_1' title="bbox 502 892 1373 955; baseline -0.003 -2"><span class='ocrx_word' id='word_1_1' title='bbox 502 895 540 953; x_wconf 80' lang='lat'>90</span> <span class='ocrx_word' id='word_1_2' title='bbox 788 892 1047 955; x_wconf 75' lang='lat' dir='ltr'>fflsroultuun</span> <span class='ocrx_word' id='word_1_3' title='bbox 1066 892 1204 955; x_wconf 77' lang='lat' dir='ltr'>GAROH</span> <span class='ocrx_word' id='word_1_4' title='bbox 1223 895 1276 951; x_wconf 89' lang='lat' dir='ltr'>vn</span> <span class='ocrx_word' id='word_1_5' title='bbox 1368 918 1373 927; x_wconf 60' lang='lat'><strong><em>¹</em></strong></span> 
     </span>
    </p>
   </div>
   <div class='ocr_carea' id='block_1_2' title="bbox 827 1155 1230 1269">
    <p class='ocr_par' dir='ltr' id='par_1_2' title="bbox 827 1155 1230 1269">
     <span class='ocr_line' id='line_1_2' title="bbox 827 1155 1230 1269; baseline -0.007 0"><span class='ocrx_word' id='word_1_6' title='bbox 827 1155 1083 1269; x_wconf 72' lang='lat' dir='ltr'>urrunnun</span> <span class='ocrx_word' id='word_1_7' title='bbox 1104 1197 1230 1269; x_wconf 79' lang='lat' dir='ltr'>run.</span> 
     </span>
    </p>
   </div>
   <div class='ocr_carea' id='block_1_3' title="bbox 464 1366 1514 1545">
    <p class='ocr_par' dir='ltr' id='par_1_3' title="bbox 464 1366 1514 1545">
     <span class='ocr_line' id='line_1_3' title="bbox 464 1366 1514 1475; baseline -0.006 -18"><span class='ocrx_word' id='word_1_8' title='bbox 464 1366 466 1371; x_wconf 41' lang='lat' dir='ltr'>v</span> <span class='ocrx_word' id='word_1_9' title='bbox 555 1398 676 1467; x_wconf 78' lang='lat' dir='ltr'><strong>Qualiter</strong></span> <span class='ocrx_word' id='word_1_10' title='bbox 688 1399 820 1455; x_wconf 80' lang='lat' dir='ltr'>Heuricue</span> <span class='ocrx_word' id='word_1_11' title='bbox 829 1400 934 1473; x_wconf 77' lang='lat' dir='ltr'>juvenis</span> <span class='ocrx_word' id='word_1_12' title='bbox 947 1401 1115 1473; x_wconf 54' lang='lat' dir='ltr'>„Anglorum</span> <span class='ocrx_word' id='word_1_13' title='bbox 1127 1420 1189 1469; x_wconf 80' lang='lat' dir='ltr'>rex,</span> <span class='ocrx_word' id='word_1_14' title='bbox 1202 1400 1253 1455; x_wconf 77' lang='lat' dir='ltr'>tuit</span> <span class='ocrx_word' id='word_1_15' title='bbox 1267 1400 1374 1454; x_wconf 76' lang='lat' dir='ltr'>Parisiis</span> <span class='ocrx_word' id='word_1_16' title='bbox 1385 1396 1414 1453; x_wconf 89' lang='lat' dir='ltr'>in</span> <span class='ocrx_word' id='word_1_17' title='bbox 1424 1418 1514 1475; x_wconf 64' lang='lat' dir='ltr'>regem</span> 
     </span>
     <span class='ocr_line' id='line_1_4' title="bbox 869 1490 1201 1545; baseline 0.006 -2"><span class='ocrx_word' id='word_1_18' title='bbox 869 1490 1036 1545; x_wconf 77' lang='lat' dir='ltr'>Francorum</span> <span class='ocrx_word' id='word_1_19' title='bbox 1048 1501 1201 1545; x_wconf 78' lang='lat' dir='ltr'>coronatur.</span> 
     </span>
    </p>
   </div>
   <div class='ocr_carea' id='block_1_4' title="bbox 504 1639 1571 2653">
    <p class='ocr_par' dir='ltr' id='par_1_4' title="bbox 504 1639 1571 2653">
     <span class='ocr_line' id='line_1_5' title="bbox 553 1639 1567 1738; baseline -0.002 -23"><span class='ocrx_word' id='word_1_20' title='bbox 553 1640 792 1715; x_wconf 88' lang='lat' dir='ltr'>Postmodum</span> <span class='ocrx_word' id='word_1_21' title='bbox 808 1660 914 1729; x_wconf 88' lang='lat' dir='ltr'>vero,</span> <span class='ocrx_word' id='word_1_22' title='bbox 935 1641 1019 1712; x_wconf 88' lang='lat' dir='ltr'>oum</span> <span class='ocrx_word' id='word_1_23' title='bbox 1032 1640 1173 1736; x_wconf 80' lang='lat' dir='ltr'>&#39;Anglici</span> <span class='ocrx_word' id='word_1_24' title='bbox 1188 1639 1434 1713; x_wconf 83' lang='lat' dir='ltr'>desiderarent</span> <span class='ocrx_word' id='word_1_25' title='bbox 1447 1664 1567 1738; x_wconf 82' lang='lat' dir='ltr'>regern</span> 
     </span>
     <span class='ocr_line' id='line_1_6' title="bbox 504 1739 1568 1855; baseline -0.005 -21"><span class='ocrx_word' id='word_1_26' title='bbox 504 1739 612 1834; x_wconf 83' lang='lat' dir='ltr'>snum</span> <span class='ocrx_word' id='word_1_27' title='bbox 629 1758 825 1830; x_wconf 88' lang='lat' dir='ltr'>Henrioum</span> <span class='ocrx_word' id='word_1_28' title='bbox 839 1758 1029 1854; x_wconf 89' lang='lat' dir='ltr'>juvenem,</span> <span class='ocrx_word' id='word_1_29' title='bbox 1043 1759 1119 1855; x_wconf 87' lang='lat' dir='ltr'>qui,</span> <span class='ocrx_word' id='word_1_30' title='bbox 1138 1772 1177 1829; x_wconf 90' lang='lat' dir='ltr'>ut</span> <span class='ocrx_word' id='word_1_31' title='bbox 1190 1757 1356 1847; x_wconf 77' lang='lat' dir='ltr'><strong>diximus,</strong></span> <span class='ocrx_word' id='word_1_32' title='bbox 1376 1756 1568 1829; x_wconf 81' lang='lat' dir='ltr'>Rothoma·</span> 
     </span>
     <span class='ocr_line' id='line_1_7' title="bbox 504 1870 1568 1974; baseline -0.002 -28"><span class='ocrx_word' id='word_1_33' title='bbox 504 1901 590 1974; x_wconf 83' lang='lat' dir='ltr'>gum</span> <span class='ocrx_word' id='word_1_34' title='bbox 606 1899 649 1946; x_wconf 87' lang='lat' dir='ltr'>ex</span> <span class='ocrx_word' id='word_1_35' title='bbox 669 1872 791 1968; x_wconf 79' lang='lat' dir='ltr'>Anglia</span> <span class='ocrx_word' id='word_1_36' title='bbox 807 1870 922 1944; x_wconf 89' lang='lat' dir='ltr'>suerat</span> <span class='ocrx_word' id='word_1_37' title='bbox 940 1870 1129 1965; x_wconf 87' lang='lat' dir='ltr'>adductus,</span> <span class='ocrx_word' id='word_1_38' title='bbox 1148 1873 1185 1944; x_wconf 92' lang='lat' dir='ltr'>in</span> <span class='ocrx_word' id='word_1_39' title='bbox 1202 1878 1424 1944; x_wconf 82' lang='lat' dir='ltr'><strong>Francorum</strong></span> <span class='ocrx_word' id='word_1_40' title='bbox 1447 1896 1568 1967; x_wconf 83' lang='lat' dir='ltr'>regem</span> 
     </span>
     <span class='ocr_line' id='line_1_8' title="bbox 507 1988 1568 2087; baseline -0.005 -23"><span class='ocrx_word' id='word_1_41' title='bbox 507 1994 622 2065; x_wconf 85' lang='lat' dir='ltr'>facere</span> <span class='ocrx_word' id='word_1_42' title='bbox 650 1989 837 2079; x_wconf 89' lang='lat' dir='ltr'>coronari,</span> <span class='ocrx_word' id='word_1_43' title='bbox 873 2014 916 2061; x_wconf 84' lang='lat' dir='ltr'>ex</span> <span class='ocrx_word' id='word_1_44' title='bbox 940 1988 1165 2087; x_wconf 83' lang='lat' dir='ltr'>Rothomago</span> <span class='ocrx_word' id='word_1_45' title='bbox 1190 2015 1275 2061; x_wconf 88' lang='lat' dir='ltr'>eum</span> <span class='ocrx_word' id='word_1_46' title='bbox 1303 1988 1457 2061; x_wconf 82' lang='lat' dir='ltr'>Parisios</span> <span class='ocrx_word' id='word_1_47' title='bbox 1485 2013 1568 2060; x_wconf 91' lang='lat' dir='ltr'>oum</span> 
     </span>
     <span class='ocr_line' id='line_1_9' title="bbox 504 2089 1569 2209; baseline -0.005 -27"><span class='ocrx_word' id='word_1_48' title='bbox 504 2134 636 2209; x_wconf 84' lang='lat' dir='ltr'>magno</span> <span class='ocrx_word' id='word_1_49' title='bbox 656 2098 830 2181; x_wconf 89' lang='lat' dir='ltr'>comitatu</span> <span class='ocrx_word' id='word_1_50' title='bbox 847 2106 1043 2181; x_wconf 85' lang='lat' dir='ltr'>adventare</span> <span class='ocrx_word' id='word_1_51' title='bbox 1065 2089 1245 2199; x_wconf 81' lang='lat' dir='ltr'>iecerunt3</span> <span class='ocrx_word' id='word_1_52' title='bbox 1265 2104 1328 2178; x_wconf 90' lang='lat' dir='ltr'>ubi</span> <span class='ocrx_word' id='word_1_53' title='bbox 1348 2131 1436 2178; x_wconf 92' lang='lat' dir='ltr'>cum</span> <span class='ocrx_word' id='word_1_54' title='bbox 1456 2106 1569 2178; x_wconf 89' lang='lat' dir='ltr'>multa</span> 
     </span>
     <span class='ocr_line' id='line_1_10' title="bbox 505 2224 1567 2323; baseline -0.008 -22"><span class='ocrx_word' id='word_1_55' title='bbox 505 2228 728 2301; x_wconf 72' lang='lat' dir='ltr'>solemnitate</span> <span class='ocrx_word' id='word_1_56' title='bbox 755 2240 791 2297; x_wconf 88' lang='lat' dir='ltr'>et</span> <span class='ocrx_word' id='word_1_57' title='bbox 812 2248 948 2323; x_wconf 87' lang='lat' dir='ltr'>pompa</span> <span class='ocrx_word' id='word_1_58' title='bbox 973 2224 1105 2295; x_wconf 83' lang='lat' dir='ltr'>exstitit</span> <span class='ocrx_word' id='word_1_59' title='bbox 1131 2238 1324 2296; x_wconf 88' lang='lat' dir='ltr'>coronatus</span> <span class='ocrx_word' id='word_1_60' title='bbox 1339 2225 1366 2316; x_wconf 87' lang='lat'>¹,</span> <span class='ocrx_word' id='word_1_61' title='bbox 1395 2224 1459 2297; x_wconf 92' lang='lat' dir='ltr'>sed</span> <span class='ocrx_word' id='word_1_62' title='bbox 1494 2247 1567 2294; x_wconf 91' lang='lat' dir='ltr'>non</span> 
     </span>
     <span class='ocr_line' id='line_1_11' title="bbox 505 2340 1570 2443; baseline -0.005 -26"><span class='ocrx_word' id='word_1_63' title='bbox 505 2344 614 2442; x_wconf 84' lang='lat' dir='ltr'>longo</span> <span class='ocrx_word' id='word_1_64' title='bbox 628 2356 710 2443; x_wconf 91' lang='lat' dir='ltr'>post</span> <span class='ocrx_word' id='word_1_65' title='bbox 727 2340 909 2442; x_wconf 84' lang='lat' dir='ltr'>tempore,</span> <span class='ocrx_word' id='word_1_66' title='bbox 927 2340 1018 2413; x_wconf 92' lang='lat' dir='ltr'>urbe</span> <span class='ocrx_word' id='word_1_67' title='bbox 1037 2342 1113 2440; x_wconf 87' lang='lat' dir='ltr'>ipsa</span> <span class='ocrx_word' id='word_1_68' title='bbox 1130 2341 1226 2437; x_wconf 86' lang='lat' dir='ltr'>regia</span> <span class='ocrx_word' id='word_1_69' title='bbox 1242 2366 1427 2439; x_wconf 83' lang='lat' dir='ltr'>regnoque</span> <span class='ocrx_word' id='word_1_70' title='bbox 1443 2354 1570 2413; x_wconf 87' lang='lat' dir='ltr'>exutus</span> 
     </span>
     <span class='ocr_line' id='line_1_12' title="bbox 505 2438 1571 2561; baseline -0.003 -27"><span class='ocrx_word' id='word_1_71' title='bbox 505 2485 547 2534; x_wconf 89' lang='lat' dir='ltr'>ac</span> <span class='ocrx_word' id='word_1_72' title='bbox 566 2461 751 2561; x_wconf 87' lang='lat' dir='ltr'>spoliatus,</span> <span class='ocrx_word' id='word_1_73' title='bbox 775 2458 1085 2559; x_wconf 88' lang='lat' dir='ltr'>quemadmodum</span> <span class='ocrx_word' id='word_1_74' title='bbox 1105 2483 1171 2530; x_wconf 91' lang='lat' dir='ltr'>suo</span> <span class='ocrx_word' id='word_1_75' title='bbox 1193 2456 1322 2531; x_wconf 84' lang='lat' dir='ltr'>ordine</span> <span class='ocrx_word' id='word_1_76' title='bbox 1339 2438 1465 2559; x_wconf 81' lang='lat' dir='ltr'>postea</span> <span class='ocrx_word' id='word_1_77' title='bbox 1482 2457 1571 2531; x_wconf 81' lang='lat' dir='ltr'>rese·</span> 
     </span>
     <span class='ocr_line' id='line_1_13' title="bbox 505 2602 640 2653; baseline 0 -2"><span class='ocrx_word' id='word_1_78' title='bbox 505 2602 640 2653; x_wconf 89' lang='lat' dir='ltr'>remus.</span> 
     </span>
    </p>
   </div>
   <div class='ocr_carea' id='block_1_5' title="bbox 852 2784 1223 2857">
    <p class='ocr_par' dir='ltr' id='par_1_5' title="bbox 852 2784 1223 2857">
     <span class='ocr_line' id='line_1_14' title="bbox 852 2784 1223 2857; baseline -0.011 0"><span class='ocrx_word' id='word_1_79' title='bbox 852 2784 1107 2857; x_wconf 78' lang='lat' dir='ltr'><strong>CAPITULUM</strong></span> <span class='ocrx_word' id='word_1_80' title='bbox 1132 2786 1223 2854; x_wconf 82' lang='lat' dir='ltr'><strong>xlx.</strong></span> 
     </span>
    </p>
   </div>
   <div class='ocr_carea' id='block_1_6' title="bbox 506 2986 1570 3133">
    <p class='ocr_par' dir='ltr' id='par_1_6' title="bbox 506 2986 1570 3133">
     <span class='ocr_line' id='line_1_15' title="bbox 506 2986 1570 3065; baseline 0.004 -20"><span class='ocrx_word' id='word_1_81' title='bbox 506 2990 608 3045; x_wconf 85' lang='lat' dir='ltr'>Bellum</span> <span class='ocrx_word' id='word_1_82' title='bbox 619 2989 648 3043; x_wconf 90' lang='lat' dir='ltr'>in</span> <span class='ocrx_word' id='word_1_83' title='bbox 660 2986 830 3059; x_wconf 77' lang='lat' dir='ltr'>Lotbaringia</span> <span class='ocrx_word' id='word_1_84' title='bbox 839 2988 908 3045; x_wconf 82' lang='lat' dir='ltr'>ia&#39;ter</span> <span class='ocrx_word' id='word_1_85' title='bbox 921 2990 1073 3059; x_wconf 78' lang='lat' dir='ltr'>Remmia,</span> <span class='ocrx_word' id='word_1_86' title='bbox 1087 2987 1397 3065; x_wconf 30' lang='lat' dir='ltr'>ducemftorhningin,</span> <span class='ocrx_word' id='word_1_87' title='bbox 1409 3002 1436 3046; x_wconf 82' lang='lat' dir='ltr'>et</span> <span class='ocrx_word' id='word_1_88' title='bbox 1446 2992 1570 3049; x_wconf 76' lang='lat' dir='ltr'>conium</span> 
     </span>
     <span class='ocr_line' id='line_1_16' title="bbox 913 3080 1156 3133; baseline 0 0"><span class='ocrx_word' id='word_1_89' title='bbox 913 3080 1156 3133; x_wconf 85' lang='lat' dir='ltr'>Vallis-Montium.</span> 
     </span>
    </p>
   </div>
   <div class='ocr_carea' id='block_1_7' title="bbox 506 3232 1574 4149">
    <p class='ocr_par' dir='ltr' id='par_1_7' title="bbox 506 3232 1574 4149">
     <span class='ocr_line' id='line_1_17' title="bbox 555 3232 1570 3335; baseline 0.004 -32"><span class='ocrx_word' id='word_1_90' title='bbox 555 3235 634 3305; x_wconf 92' lang='lat' dir='ltr'>Fuit</span> <span class='ocrx_word' id='word_1_91' title='bbox 651 3232 778 3307; x_wconf 91' lang='lat' dir='ltr'>iisdem</span> <span class='ocrx_word' id='word_1_92' title='bbox 795 3234 1020 3335; x_wconf 74' lang='lat' dir='ltr'>temporibus</span> <span class='ocrx_word' id='word_1_93' title='bbox 1038 3235 1075 3307; x_wconf 92' lang='lat' dir='ltr'>in</span> <span class='ocrx_word' id='word_1_94' title='bbox 1092 3232 1321 3331; x_wconf 84' lang='lat' dir='ltr'>Lothariogia</span> <span class='ocrx_word' id='word_1_95' title='bbox 1337 3234 1472 3307; x_wconf 90' lang='lat' dir='ltr'>bellum</span> <span class='ocrx_word' id='word_1_96' title='bbox 1488 3236 1570 3319; x_wconf 80' lang='lat' dir='ltr'>satis</span> 
     </span>
     <span class='ocr_line' id='line_1_18' title="bbox 507 3346 1572 3448; baseline -0.001 -25"><span class='ocrx_word' id='word_1_97' title='bbox 507 3348 678 3423; x_wconf 85' lang='lat' dir='ltr'>acerbum</span> <span class='ocrx_word' id='word_1_98' title='bbox 697 3350 789 3423; x_wconf 88' lang='lat' dir='ltr'>inter</span> <span class='ocrx_word' id='word_1_99' title='bbox 805 3376 926 3448; x_wconf 83' lang='lat' dir='ltr'>regem</span> <span class='ocrx_word' id='word_1_100' title='bbox 938 3350 1083 3443; x_wconf 80' lang='lat' dir='ltr'>Siciliae,</span> <span class='ocrx_word' id='word_1_101' title='bbox 1098 3353 1285 3443; x_wconf 72' lang='lat' dir='ltr'>boantum,</span> <span class='ocrx_word' id='word_1_102' title='bbox 1304 3346 1437 3422; x_wconf 78' lang='lat' dir='ltr'>dudem</span> <span class='ocrx_word' id='word_1_103' title='bbox 1454 3349 1572 3422; x_wconf 74' lang='lat' dir='ltr'>Ande·</span> 
     </span>
     <span class='ocr_line' id='line_1_19' title="bbox 506 3452 1571 3563; baseline -0.001 -24"><span class='ocrx_word' id='word_1_104' title='bbox 506 3468 616 3563; x_wconf 77' lang='lat' dir='ltr'>gaviae</span> <span class='ocrx_word' id='word_1_105' title='bbox 641 3483 676 3541; x_wconf 89' lang='lat' dir='ltr'>et</span> <span class='ocrx_word' id='word_1_106' title='bbox 702 3472 930 3559; x_wconf 90' lang='lat' dir='ltr'>Barrensem‚</span> <span class='ocrx_word' id='word_1_107' title='bbox 960 3482 997 3541; x_wconf 90' lang='lat' dir='ltr'>et</span> <span class='ocrx_word' id='word_1_108' title='bbox 1021 3467 1191 3540; x_wconf 89' lang='lat' dir='ltr'>comitem</span> <span class='ocrx_word' id='word_1_109' title='bbox 1216 3466 1263 3539; x_wconf 92' lang='lat' dir='ltr'>de</span> <span class='ocrx_word' id='word_1_110' title='bbox 1288 3452 1571 3539; x_wconf 45' lang='lat' dir='ltr'>Vallibus&#39;Mon-</span> 
     </span>
     <span class='ocr_line' id='line_1_20' title="bbox 506 3582 1569 3683; baseline 0 -28"><span class='ocrx_word' id='word_1_111' title='bbox 506 3585 620 3672; x_wconf 80' lang='lat' dir='ltr'>uum,</span> <span class='ocrx_word' id='word_1_112' title='bbox 637 3584 827 3681; x_wconf 86' lang='lat' dir='ltr'>vulgariter</span> <span class='ocrx_word' id='word_1_113' title='bbox 846 3584 985 3656; x_wconf 90' lang='lat' dir='ltr'>dictum</span> <span class='ocrx_word' id='word_1_114' title='bbox 1002 3582 1045 3655; x_wconf 87' lang='lat' dir='ltr'>de</span> <span class='ocrx_word' id='word_1_115' title='bbox 1064 3582 1332 3673; x_wconf 73' lang='lat' dir='ltr'>Vaudezmorn,</span> <span class='ocrx_word' id='word_1_116' title='bbox 1351 3608 1419 3683; x_wconf 88' lang='lat' dir='ltr'>pro</span> <span class='ocrx_word' id='word_1_117' title='bbox 1438 3582 1569 3655; x_wconf 87' lang='lat' dir='ltr'>ducatu</span> 
     </span>
     <span class='ocr_line' id='line_1_21' title="bbox 507 3694 1572 3800; baseline 0 -27"><span class='ocrx_word' id='word_1_118' title='bbox 507 3700 754 3798; x_wconf 79' lang='lat' dir='ltr'>Lotbaringiae,</span> <span class='ocrx_word' id='word_1_119' title='bbox 773 3726 881 3799; x_wconf 92' lang='lat' dir='ltr'>quem</span> <span class='ocrx_word' id='word_1_120' title='bbox 904 3694 951 3773; x_wconf 88' lang='lat' dir='ltr'>ad</span> <span class='ocrx_word' id='word_1_121' title='bbox 970 3725 1009 3773; x_wconf 87' lang='lat' dir='ltr'>se</span> <span class='ocrx_word' id='word_1_122' title='bbox 1025 3701 1272 3799; x_wconf 89' lang='lat' dir='ltr'>unusquisque</span> <span class='ocrx_word' id='word_1_123' title='bbox 1287 3701 1466 3800; x_wconf 88' lang='lat' dir='ltr'>pertinere</span> <span class='ocrx_word' id='word_1_124' title='bbox 1482 3724 1572 3773; x_wconf 92' lang='lat' dir='ltr'>con·</span> 
     </span>
     <span class='ocr_line' id='line_1_22' title="bbox 507 3816 1572 3913; baseline 0.001 -26"><span class='ocrx_word' id='word_1_125' title='bbox 507 3817 715 3891; x_wconf 82' lang='lat' dir='ltr'>tendebat¹:</span> <span class='ocrx_word' id='word_1_126' title='bbox 736 3818 926 3889; x_wconf 82' lang='lat' dir='ltr'>occasione</span> <span class='ocrx_word' id='word_1_127' title='bbox 940 3817 1043 3913; x_wconf 88' lang='lat' dir='ltr'>cujus</span> <span class='ocrx_word' id='word_1_128' title='bbox 1056 3818 1311 3909; x_wconf 88' lang='lat' dir='ltr'>contentionis,</span> <span class='ocrx_word' id='word_1_129' title='bbox 1328 3816 1376 3889; x_wconf 88' lang='lat' dir='ltr'>ad</span> <span class='ocrx_word' id='word_1_130' title='bbox 1387 3832 1572 3890; x_wconf 87' lang='lat' dir='ltr'>cruentam</span> 
     </span>
     <span class='ocr_line' id='line_1_23' title="bbox 507 3932 1574 4033; baseline -0.002 -29"><span class='ocrx_word' id='word_1_131' title='bbox 507 3935 590 4007; x_wconf 89' lang='lat' dir='ltr'>satis</span> <span class='ocrx_word' id='word_1_132' title='bbox 604 3948 818 4033; x_wconf 90' lang='lat' dir='ltr'>perventum</span> <span class='ocrx_word' id='word_1_133' title='bbox 832 3933 962 4005; x_wconf 84' lang='lat' dir='ltr'>exstitit</span> <span class='ocrx_word' id='word_1_134' title='bbox 978 3957 1149 4031; x_wconf 85' lang='lat' dir='ltr'>pugnam.</span> <span class='ocrx_word' id='word_1_135' title='bbox 1168 3932 1330 4006; x_wconf 82' lang='lat' dir='ltr'>Habebat</span> <span class='ocrx_word' id='word_1_136' title='bbox 1345 3959 1466 4006; x_wconf 89' lang='lat' dir='ltr'>comes</span> <span class='ocrx_word' id='word_1_137' title='bbox 1479 3932 1574 4006; x_wconf 81' lang='lat' dir='ltr'>auxi·</span> 
     </span>
     <span class='ocr_line' id='line_1_24' title="bbox 507 4049 1572 4149; baseline 0 -28"><span class='ocrx_word' id='word_1_138' title='bbox 507 4050 554 4122; x_wconf 91' lang='lat' dir='ltr'>lia</span> <span class='ocrx_word' id='word_1_139' title='bbox 573 4049 887 4149; x_wconf 86' lang='lat' dir='ltr'>Burgundionum,</span> <span class='ocrx_word' id='word_1_140' title='bbox 912 4074 1069 4149; x_wconf 90' lang='lat' dir='ltr'>quornm</span> <span class='ocrx_word' id='word_1_141' title='bbox 1089 4050 1266 4123; x_wconf 83' lang='lat' dir='ltr'>exercitus</span> <span class='ocrx_word' id='word_1_142' title='bbox 1280 4074 1357 4123; x_wconf 91' lang='lat' dir='ltr'>non</span> <span class='ocrx_word' id='word_1_143' title='bbox 1375 4049 1468 4125; x_wconf 84' lang='lat' dir='ltr'>ultra</span> <span class='ocrx_word' id='word_1_144' title='bbox 1483 4074 1572 4149; x_wconf 87' lang='lat' dir='ltr'>qua·</span> 
     </span>
    </p>
   </div>
   <div class='ocr_carea' id='block_1_8' title="bbox 508 4274 1573 4696">
    <p class='ocr_par' dir='ltr' id='par_1_8' title="bbox 548 4274 1211 4349">
     <span class='ocr_line' id='line_1_25' title="bbox 548 4274 1211 4349; baseline 0.002 -16"><span class='ocrx_word' id='word_1_145' title='bbox 548 4278 578 4334; x_wconf 90' lang='grc'>1.</span> <span class='ocrx_word' id='word_1_146' title='bbox 601 4278 627 4335; x_wconf 84' lang='grc' dir='ltr'><strong>Α</strong></span> <span class='ocrx_word' id='word_1_147' title='bbox 640 4280 848 4349; x_wconf 75' lang='lat' dir='ltr'>Nune-Dama,</span> <span class='ocrx_word' id='word_1_148' title='bbox 862 4274 890 4334; x_wconf 90' lang='lat' dir='ltr'>le</span> <span class='ocrx_word' id='word_1_149' title='bbox 903 4278 940 4336; x_wconf 82' lang='grc'>16</span> <span class='ocrx_word' id='word_1_150' title='bbox 955 4274 1109 4335; x_wconf 68' lang='lat' dir='ltr'>ddcembre</span> <span class='ocrx_word' id='word_1_151' title='bbox 1122 4278 1211 4335; x_wconf 79' lang='grc'><strong>1131.</strong></span> 
     </span>
    </p>

    <p class='ocr_par' dir='ltr' id='par_1_9' title="bbox 508 4363 1573 4696">
     <span class='ocr_line' id='line_1_26' title="bbox 548 4363 1573 4446; baseline 0.003 -25"><span class='ocrx_word' id='word_1_152' title='bbox 548 4366 578 4425; x_wconf 72' lang='grc' dir='ltr'>Ξ.</span> <span class='ocrx_word' id='word_1_153' title='bbox 602 4366 727 4424; x_wconf 80' lang='lat' dir='ltr'>Antoine</span> <span class='ocrx_word' id='word_1_154' title='bbox 734 4364 770 4425; x_wconf 95' lang='lat' dir='ltr'>de</span> <span class='ocrx_word' id='word_1_155' title='bbox 783 4364 932 4435; x_wconf 88' lang='lat' dir='ltr'>Lorraiue,</span> <span class='ocrx_word' id='word_1_156' title='bbox 948 4378 1042 4425; x_wconf 91' lang='lat' dir='ltr'>comte</span> <span class='ocrx_word' id='word_1_157' title='bbox 1051 4364 1088 4425; x_wconf 90' lang='lat' dir='ltr'>de</span> <span class='ocrx_word' id='word_1_158' title='bbox 1098 4364 1293 4441; x_wconf 84' lang='lat' dir='ltr'>Vaudemout‚</span> <span class='ocrx_word' id='word_1_159' title='bbox 1303 4364 1467 4446; x_wconf 74' lang='lat' dir='ltr'>pretendait</span> <span class='ocrx_word' id='word_1_160' title='bbox 1479 4363 1573 4445; x_wconf 77' lang='lat' dir='ltr'>quein</span> 
     </span>
     <span class='ocr_line' id='line_1_27' title="bbox 508 4448 1572 4539; baseline 0.001 -22"><span class='ocrx_word' id='word_1_161' title='bbox 508 4456 648 4517; x_wconf 78' lang='lat' dir='ltr'>lorraine</span> <span class='ocrx_word' id='word_1_162' title='bbox 661 4460 761 4517; x_wconf 73' lang='lat' dir='ltr'>n’dtait</span> <span class='ocrx_word' id='word_1_163' title='bbox 773 4478 824 4539; x_wconf 86' lang='lat' dir='ltr'>pas</span> <span class='ocrx_word' id='word_1_164' title='bbox 843 4478 883 4517; x_wconf 89' lang='lat' dir='ltr'>uu</span> <span class='ocrx_word' id='word_1_165' title='bbox 906 4460 958 4519; x_wconf 81' lang='lat' dir='ltr'>fies</span> <span class='ocrx_word' id='word_1_166' title='bbox 974 4458 1094 4520; x_wconf 73' lang='lat' dir='ltr'>idminiu</span> <span class='ocrx_word' id='word_1_167' title='bbox 1110 4472 1139 4519; x_wconf 91' lang='lat' dir='ltr'>et</span> <span class='ocrx_word' id='word_1_168' title='bbox 1156 4478 1215 4538; x_wconf 89' lang='lat' dir='ltr'>que</span> <span class='ocrx_word' id='word_1_169' title='bbox 1229 4478 1284 4539; x_wconf 85' lang='lat' dir='ltr'>par</span> <span class='ocrx_word' id='word_1_170' title='bbox 1295 4448 1474 4539; x_wconf 73' lang='lat' dir='ltr'>consequent</span> <span class='ocrx_word' id='word_1_171' title='bbox 1493 4458 1572 4519; x_wconf 69' lang='lat' dir='ltr'>Rdne&#39;</span> 
     </span>
     <span class='ocr_line' id='line_1_28' title="bbox 509 4546 1573 4629; baseline 0.002 -24"><span class='ocrx_word' id='word_1_172' title='bbox 509 4546 635 4619; x_wconf 77' lang='lat' dir='ltr'>d’Anjou</span> <span class='ocrx_word' id='word_1_173' title='bbox 649 4549 805 4627; x_wconf 83' lang='lat' dir='ltr'>n&#39;avaitpu</span> <span class='ocrx_word' id='word_1_174' title='bbox 818 4569 839 4626; x_wconf 81' lang='lat' dir='ltr'>y</span> <span class='ocrx_word' id='word_1_175' title='bbox 854 4548 975 4608; x_wconf 76' lang='lat' dir='ltr'>accdder</span> <span class='ocrx_word' id='word_1_176' title='bbox 990 4568 1104 4627; x_wconf 84' lang='lat' dir='ltr'>parson</span> <span class='ocrx_word' id='word_1_177' title='bbox 1117 4549 1245 4629; x_wconf 82' lang='lat' dir='ltr'>mariage</span> <span class='ocrx_word' id='word_1_178' title='bbox 1259 4550 1370 4610; x_wconf 82' lang='lat' dir='ltr'>arecia</span> <span class='ocrx_word' id='word_1_179' title='bbox 1383 4550 1442 4610; x_wconf 83' lang='lat' dir='ltr'>fille</span> <span class='ocrx_word' id='word_1_180' title='bbox 1453 4549 1494 4610; x_wconf 92' lang='lat' dir='ltr'>dn</span> <span class='ocrx_word' id='word_1_181' title='bbox 1506 4549 1573 4609; x_wconf 87' lang='lat' dir='ltr'>der·</span> 
     </span>
     <span class='ocr_line' id='line_1_29' title="bbox 508 4634 767 4696; baseline 0 -1"><span class='ocrx_word' id='word_1_182' title='bbox 508 4634 573 4695; x_wconf 85' lang='lat' dir='ltr'>nier</span> <span class='ocrx_word' id='word_1_183' title='bbox 586 4634 642 4693; x_wconf 93' lang='lat' dir='ltr'>duc</span> <span class='ocrx_word' id='word_1_184' title='bbox 657 4634 767 4696; x_wconf 86' lang='lat' dir='ltr'>do&#39;iunt.</span> 
     </span>
    </p>
   </div>
   <div class='ocr_carea' id='block_1_9' title="bbox 0 0 1955 5892">
    <p class='ocr_par' dir='ltr' id='par_1_10' title="bbox 0 0 1955 5892">
     <span class='ocr_line' id='line_1_30' title="bbox 0 0 1955 5892; baseline 0 0"><span class='ocrx_word' id='word_1_185' title='bbox 0 0 1955 5892; x_wconf 95' lang='lat' dir='ltr'> </span> 
     </span>
    </p>
   </div>
  </div>
 </body>
</html>
