3892 5892
734 926 843 983 LIBER
863 925 1066 985 SECUNDUS.
1396 931 1433 986 57

377 1065 414 1123 et
429 1051 626 1150 stipendio,
649 1040 769 1124 tamen
789 1049 926 1150 oppida
942 1064 978 1123 et
995 1066 1110 1124 castra
1124 1038 1341 1144 incolebant,
1356 1078 1435 1152 quae

377 1166 521 1257 Francis
547 1180 738 1265 parerent,
764 1181 800 1238 et
820 1178 896 1239 sese
918 1190 960 1237 ac
984 1165 1122 1264 praedas
1142 1191 1223 1241 suas
1247 1168 1284 1239 in
1307 1168 1435 1241 iisdem

377 1280 629 1382 receptabant,
651 1297 753 1354 erant
776 1281 836 1353 alii
855 1282 932 1355 sine
958 1306 1111 1354 numero
1130 1282 1307 1383 desperati
1329 1299 1436 1383 atque

311 1394 317 1406 “
376 1396 504 1496 perditi
525 1397 713 1491 homines,
744 1399 807 1496 qui
832 1423 893 1470 seu
929 1396 1116 1488 socordia,
1144 1422 1207 1471 seu
1243 1397 1436 1497 auglorum

377 1513 483 1607 odio,
501 1516 557 1587 vel
581 1512 729 1587 libidine
746 1514 860 1587 aliena
876 1513 1037 1612 rapiendi
1056 1539 1118 1587 seu
1135 1516 1353 1590 conscientia
1366 1516 1435 1589 cri·

378 1632 515 1703 minum
543 1629 725 1722 stimulati,
746 1645 786 1703 ut
809 1630 929 1727 legum
953 1621 1146 1703 evaderent
1169 1631 1333 1729 laqueos,
1352 1632 1436 1704 reli·

377 1748 442 1821 ctis
455 1746 547 1843 agris
560 1760 595 1817 et
604 1745 773 1818 domibus
786 1746 1043 1847 propriis‚non
1056 1746 1202 1845 quidem
1216 1753 1435 1823 Francorum

378 1864 511 1963 oppida
527 1887 590 1933 sen
613 1875 728 1934 castra
753 1862 970 1952 incolerent,
990 1879 1052 1936 aut
1073 1864 1110 1935 in
1134 1889 1261 1936 eorum
1278 1866 1436 1936 exerciti·

378 1976 446 2050 bus
463 1978 667 2067 militarent,
684 1976 748 2049 sed
766 1976 920 2049 ferarum
940 2001 1041 2051 more
1055 2002 1096 2051 ac
1117 1979 1286 2079 luporum
1300 1979 1436 2053 densis·

379 2096 467 2168 sima
480 2095 649 2168 silvarum
665 2109 700 2167 et
711 2096 890 2167 inaccessa
900 2094 979 2166 loca
989 2090 1172 2190 tenebant,
1187 2096 1297 2189 unde,
1309 2097 1436 2169 esuriei

378 2234 420 2283 ac
435 2210 537 2284 lamis
553 2223 765 2309 perurgente
781 2210 892 2304 rabie,
914 2226 1083 2283 exeuntes
1098 2211 1308 2310 plerumque
1325 2227 1437 2285 noctu

379 2339 414 2397 et
429 2326 466 2397 in
483 2326 660 2417 tenebris,
679 2325 873 2425 aliquando
888 2326 996 2398 etiarn
1019 2326 1195 2417 interdiu,
1223 2326 1287 2398 sed
1303 2328 1432 2418 rarius,

380 2442 614 2539 agricolarum
633 2443 870 2541 irrumpentes
894 2439 1043 2533 domos,
1063 2442 1169 2515 bonis
1187 2468 1313 2542 eornm
1340 2444 1435 2515 dire·

379 2560 469 2659 ptis,
491 2558 637 2647 eosdem
654 2558 814 2658 captivos
837 2558 884 2630 ad
901 2582 981 2630 suas
1002 2558 1039 2629 in
1062 2558 1158 2631 silvis
1180 2557 1436 2631 occultissimas

379 2673 549 2764 latebras,
567 2673 807 2765 abducebant,
835 2685 869 2745 et
894 2697 956 2745 eos
978 2672 1050 2745 illic
1069 2674 1174 2747 variis
1196 2674 1437 2747 excruciantes

380 2790 566 2863 tormentis
582 2815 624 2862 ac
639 2789 781 2883 inediis,
803 2788 850 2863 ad
867 2814 1025 2887 magnas,
1039 2815 1105 2888 pro
1118 2791 1172 2862 sui
1188 2788 1437 2887 redemptione

381 2920 416 2978 et
431 2904 655 2995 liberatione,
673 2906 904 3004 pecuniarum
926 2930 1101 2995 summas,
1127 2906 1247 2979 atalia
1263 2931 1342 3005 quae
1355 2906 1437 2979 usui

381 3022 578 3094 necessaria
594 3026 777 3120 putarant,
798 3022 1028 3095 coarctabant
1045 3021 1091 3094 ad
1108 3048 1217 3122 quern
1237 3024 1438 3096 statuissent

382 3134 513 3228 locum,
533 3136 707 3235 praelrnito
721 3136 792 3223 die,
814 3136 1066 3235 deportandas.
1083 3137 1135 3210 ld
1147 3136 1247 3237 quod
1261 3140 1290 3210 si
1307 3139 1439 3213 defice-

368 3268 473 3348 rent,
488 3254 544 3327 vel
557 3254 598 3345 ii,
618 3279 710 3353 quos
725 3252 869 3326 obsides
886 3253 1123 3349 reliquissent,
1145 3255 1438 3331 inhumanissime

384 3370 639 3463 tractabantur,
654 3369 710 3442 vel
722 3370 801 3468 ipsi,
815 3370 844 3441 si
854 3369 1037 3441 iterumad
1053 3393 1114 3441 eos
1127 3370 1441 3468 comprehenden-

385 3484 473 3559 dum
487 3486 678 3559 latrunculi
693 3487 760 3585 ipsi
771 3486 969 3586 potuissent
987 3488 1187 3585 pervenire,
1203 3487 1437 3581 necabantur,

385 3617 446 3674 aut
467 3626 593 3675 eorum
609 3601 752 3691 domus,
770 3602 852 3698 igne
870 3616 980 3673 noctu
997 3601 1090 3673 clam
1104 3603 1281 3702 apposito,
1296 3629 1440 3678 crema-

385 3713 528 3790 bantur.
542 3720 620 3789 Hoo
631 3716 807 3814 siquidem
822 3742 933 3813 genus
948 3716 1219 3816 desperatorum
1234 3718 1438 3811 hominum,

385 3834 449 3932 qui
465 3832 571 3931 vulgo
590 3864 607 3903 u
631 3830 812 3931 Brigandi¹
825 3864 842 3901 n
861 3832 1147 3932 appellabantur,
1161 3835 1291 3909 mirum
1309 3836 1345 3908 in
1367 3861 1443 3909 mo·

385 3948 474 4020 dum
497 3950 534 4020 in
561 3936 780 4021 Normannia
801 3964 837 4021 et
861 3947 1106 4046 adjacentibus
1124 3952 1318 4049 provinciis
1337 3966 1442 4050 atque

387 4064 503 4152 terris,
522 4088 612 4162 quas
634 4064 768 4161 Anglici
787 4063 1028 4164 occupabant,
1047 4068 1186 4140 vexarit
1205 4082 1240 4140 et
1256 4092 1361 4165 agros
1375 4092 1443 4166 po-

427 4293 456 4349 l.
479 4294 617 4371 Ducange
628 4290 683 4349 cite
697 4288 748 4348 des
757 4288 903 4369 exemplos
917 4287 1066 4351 deremet
1080 4290 1144 4365 teja
1156 4290 1290 4369 employe
1300 4288 1339 4347 du
1352 4302 1445 4369 temps

387 4378 427 4439 du
442 4378 487 4438 roi
499 4383 570 4439 Jean
587 4400 661 4459 pour
675 4380 809 4461 designer
823 4381 864 4439 les
878 4382 1029 4442 tannssins
1042 4382 1093 4442 des
1102 4380 1286 4459 compagnies
1297 4380 1443 4455 lrancbes,

386 4482 415 4531 et
425 4480 603 4549 notamment
617 4488 691 4527 ceux
704 4471 754 4548 qui
766 4470 901 4529 venaient
914 4490 1074 4550 guerroyer
1085 4470 1198 4530 d’ltalie
1215 4490 1252 4528 en
1266 4473 1385 4530 Franco.
1404 4474 1446 4529 Le

387 4558 539 4639 Religieux
553 4556 589 4617 de
607 4558 789 4619 saint-Deris
802 4560 883 4637 place
895 4558 1028 4639 l’origine
1042 4560 1092 4619 des
1111 4558 1251 4639 Brigands
1265 4562 1281 4617 a
1294 4558 1352 4618 l'an
1366 4562 1444 4619 llld

389 4658 417 4707 et
430 4646 481 4706 fait
489 4645 575 4707 sortir
583 4646 625 4705 les
638 4648 779 4726 premiers
789 4646 826 4705 de
839 4646 867 4707 la
878 4648 976 4707 Vallde
985 4646 1022 4706 de
1031 4648 1251 4722 Montmorenci,
1261 4651 1341 4721 tvl,
1351 4669 1382 4728 p.
1393 4650 1444 4707 89.
