3892 5892
547 897 606 956 318
831 891 1088 954 ΗΙδΤΟΒῙΔΒῑῙΜ
1107 889 1245 952 fflOLI
1266 893 1319 949 vn

596 1017 721 1092 Sed-er
743 1018 923 1116 praecipue
944 1016 1107 1090 Ecclesiae
1122 1017 1222 1114 regni
1245 1017 1300 1089 sui
1313 1029 1352 1116 et
1369 1015 1619 1116 Delpbinatus

546 1135 771 1210 libertatibus
788 1149 894 1232 atque
909 1133 1128 1229 honoribus,
1148 1132 1347 1207 secundum
1364 1133 1511 1232 antiqua
1536 1139 1619 1207 Pa-

546 1267 643 1326 trum
668 1254 811 1328 decreta
837 1267 874 1326 et
898 1277 1057 1326 canones
1090 1255 1127 1326 in
1162 1251 1406 1326 voluminibus
1440 1255 1615 1326 canonici

546 1394 609 1442 seu
626 1369 800 1469 pontificii
813 1370 904 1466 juris
917 1371 1089 1461 insertos,
1108 1367 1251 1442 tuendis
1273 1383 1309 1441 et
1328 1367 1510 1442 servandis
1529 1367 1616 1440 affi-

547 1485 721 1565 ciebatur.
739 1491 841 1574 Quos
852 1509 936 1557 cum
949 1484 1181 1560 celeberrima
1195 1485 1348 1560 concilia
1365 1484 1529 1557 Ecclesia
1546 1507 1613 1556 ca-

547 1605 688 1678 tbolicoe
711 1605 982 1678 Constantiense
1010 1606 1190 1704 primum,
1225 1603 1357 1679 deinde
1385 1605 1609 1698 Basileense,

547 1721 781 1793 innovassent
809 1733 915 1816 atque
947 1718 1174 1795 observanda
1204 1745 1270 1820 per
1298 1718 1492 1792 Ecclesiam
1523 1723 1614 1792 uni-

548 1861 687 1909 versam
704 1835 966 1925 decrevissent,
986 1835 1113 1910 eadam
1139 1837 1248 1912 etiam
1266 1837 1303 1910 in
1329 1859 1395 1908 suo
1412 1859 1520 1932 regno
1539 1835 1612 1908 ob·

547 1955 722 2030 servanda
736 1955 899 2030 sancivit.
918 1959 1154 2056 Congregarit
1178 1959 1275 2033 enim
1300 1957 1464 2057 prelatos
1484 1971 1519 2028 et
1536 1955 1612 2029 ele-

547 2098 630 2145 rum
650 2074 759 2146 totius
782 2061 883 2170 regni
906 2089 943 2146 et
967 2074 1203 2172 Delphinatus
1230 2076 1268 2144 in
1293 2072 1382 2146 urbe
1413 2073 1605 2164 Biturica¹,

546 2191 609 2262 ubi
626 2215 733 2285 cum,
760 2207 935 2290 praesente
952 2193 1061 2264 etiam
1086 2190 1202 2288 legato
1229 2191 1382 2263 Romani
1406 2187 1607 2290 pontilicis,

546 2306 594 2380 de
614 2309 842 2408 acceptandis
865 2323 901 2382 et
915 2307 1128 2407 recipiendis
1144 2306 1353 2406 hujusmodi
1369 2306 1520 2380 decretis
1545 2305 1609 2378 diu

546 2417 783 2524 disceptatum
798 2424 940 2516 luisset,
958 2423 1171 2524 pluresque,
1187 2423 1347 2500 humana
1361 2422 1559 2498 ambitione
1573 2435 1610 2494 et

545 2542 742 2640 cupiditate
768 2542 944 2642 permoti,
978 2540 1277 2614 reservationihus
1304 2541 1411 2614 curiae
1442 2543 1610 2616 Romana

545 2670 621 2728 tarn
646 2655 871 2754 generalibus
895 2679 1005 2754 quarn
1026 2655 1298 2755 particularibus
1317 2653 1448 2759 passim
1463 2677 1531 2752 pro
1549 2677 1609 2726 so·

546 2773 616 2846 lius
634 2775 784 2848 Romani
802 2772 982 2871 pontilicis
997 2787 1115 2866 nutu,
1136 2773 1263 2879 spretis
1279 2774 1392 2872 sacris
1411 2767 1608 2844 canonibus

545 2902 582 2960 et
600 2903 743 2987 patrum
758 2887 1032 2980 traditionibus,
1058 2889 1262 2987 parendum
1288 2889 1527 2962 decreverunt
1541 2882 1609 2982 (il-

545 3002 646 3093 lecti,
665 3019 707 3075 ut
727 3003 963 3076 verisimiliter
980 3004 1155 3098 creditur,
1174 3005 1442 3106 provisionibus
1458 3015 1495 3076 et
1510 3025 1607 3074 com·

546 3117 706 3213 mendis,
726 3119 783 3192 vel
794 3119 869 3216 jam
883 3121 1079 3194 allomano
1094 3121 1267 3220 pontifice
1283 3137 1411 3196 contra
1425 3141 1606 3194 sacrorum

545 3254 729 3307 canonum
743 3235 839 3308 riam
854 3235 1027 3339 acceptis,
1045 3236 1102 3309 vel
1118 3239 1254 3340 percipi
1272 3237 1421 3338 speratis
1437 3247 1543 3336 atque
1558 3232 1607 3303 eis

546 3373 566 3423 a
581 3349 699 3448 legato
721 3351 951 3452 promissis),
972 3351 1032 3424 alii
1054 3351 1167 3425 zelare
1182 3353 1303 3452 potius
1316 3365 1523 3426 constanter
1538 3346 1606 3418 ele·

546 3483 674 3563 gerunt
688 3493 756 3568 pro
768 3469 1021 3544 traditionibus
1032 3481 1068 3540 et
1078 3467 1233 3542 decretis
1249 3485 1454 3542 sanctorum
1465 3471 1604 3538 Petrum

546 3607 588 3656 ac
603 3583 715 3656 totius
731 3584 894 3658 Ecclesiae
904 3582 1036 3672 salute,
1055 3584 1245 3658 honestate
1259 3609 1300 3658 ao
1313 3584 1461 3676 decore,
1478 3603 1601 3681 quam,

546 3723 626 3796 quoe
641 3723 707 3772 rua
722 3698 858 3792 forent,
876 3699 1062 3774 attendere
1078 3715 1114 3773 et
1136 3725 1296 3802 quaerere
1312 3701 1490 3776 ullatenus
1507 3729 1606 3779 cura·

545 3830 638 3888 rent.
656 3820 823 3904 Quorum
848 3819 1062 3890 sententiam
1084 3829 1120 3889 et
1141 3812 1251 3890 lidem
1275 3843 1338 3891 rex
1361 3817 1607 3894 christianissi-

546 3957 626 4006 mus
649 3946 811 4026 secutus,
832 3933 981 4031 cupiens
1006 3931 1201 4006 Ecclesiam
1219 3933 1439 4008 Gallicanam
1455 3937 1502 4010 ad
1526 3962 1606 4011 suas

545 4047 711 4144 antiquas
736 4045 917 4121 libertates
935 4061 971 4123 et
991 4049 1073 4146 jura
1097 4049 1252 4138 restitui,
1278 4049 1447 4151 praedicta
1462 4055 1606 4124 Petrum

546 4165 701 4255 decretu,
721 4189 743 4238 a
756 4166 886 4238 sanctis
898 4163 985 4237 olim
998 4166 1166 4238 Romanis
1181 4167 1413 4265 pontificibus
1428 4183 1465 4241 et
1480 4168 1608 4242 catho-

544 4279 621 4351 licoe
647 4279 811 4354 Ecclesia
835 4279 1003 4379 plenariis
1029 4279 1190 4354 conciliis
1214 4303 1257 4352 ac
1278 4279 1425 4378 synodis
1448 4282 1607 4355 saluber·

545 4394 644 4468 rimis
666 4398 793 4496 sapius
818 4397 1011 4470 constituta
1037 4411 1072 4470 et
1099 4395 1211 4490 edita,
1236 4397 1409 4471 innovata
1432 4423 1519 4472 vero
1544 4423 1608 4498 per

586 4638 615 4695 l.
636 4637 680 4692 En
694 4637 783 4694 1438.
