3892 5892
710 949 821 1008 HBER
839 951 1012 1023 QUINTUS.
1332 953 1391 1012 309

336 1075 405 1150 diri
415 1075 604 1164 valentem,
614 1074 822 1146 irruerunt¹.
838 1064 937 1162 Quos
949 1073 1199 1172 permontium
1211 1073 1391 1148 anfractus

335 1205 371 1264 et
382 1191 612 1290 scopulorum
626 1189 819 1288 abditaque
829 1203 866 1262 et
877 1189 1020 1261 Francis
1028 1187 1150 1286 ignota
1161 1187 1388 1281 diverticula,

334 1305 403 1378 sibi
419 1330 505 1380 reru
521 1331 597 1380 non
613 1305 795 1404 incognita
816 1328 935 1403 neque
950 1305 1105 1397 insueta,
1123 1304 1331 1378 invadentes
1349 1329 1391 1378 ac

334 1436 607 1522 persequentes,
626 1423 757 1522 partim
773 1443 900 1512 cesos,
915 1420 1047 1520 partim
1067 1419 1164 1492 lusos
1181 1393 1391 1520 lagatosqtie

334 1538 435 1613 iacile
466 1553 503 1612 et
534 1537 670 1637 absque
699 1561 831 1636 magno
866 1536 1011 1633 negotio
1043 1550 1268 1628 superarunt.
1299 1540 1391 1632 Cum

333 1670 455 1730 autem
471 1656 645 1754 fugientes
660 1653 706 1728 ad
721 1655 832 1744 littus,
851 1651 915 1725 ubi
930 1651 1100 1727 videbant
1114 1651 1242 1750 galleas
1258 1676 1391 1752 repau-

333 1795 426 1864 sare,
441 1771 570 1846 salvari
584 1795 623 1844 se
638 1791 743 1868 posse
759 1767 1012 1859 existimarent,
1026 1782 1063 1840 et
1079 1767 1208 1866 galleas
1219 1792 1392 1842 conscen-

333 1884 442 1980 dere,
461 1884 613 1960 vitandae
629 1884 728 1958 necis
745 1905 871 1975 causa,
893 1898 1105 1980 satagerent,
1123 1883 1170 1958 ab
1191 1883 1247 1957 his
1267 1884 1330 1983 qui
1352 1885 1390 1958 in

333 2001 454 2099 galleis
469 2015 571 2074 erant
586 1997 885 2099 prohibebantur,
899 1997 1106 2072 verentibus
1120 2023 1167 2072 ne
1179 1999 1291 2075 nimia
1304 2000 1393 2074 mul-

333 2112 450 2188 titudo
468 2115 520 2188 eis
534 2112 757 2212 naufragium
767 2112 827 2216 'rel
844 2111 1057 2213 perditionis
1073 2137 1180 2188 causa
1196 2116 1391 2188 exsisteret.

335 2229 440 2303 Unde
454 2244 490 2304 et
505 2229 701 2321 nonnullis,
720 2253 845 2329 repere
860 2231 954 2303 intra
969 2227 1098 2327 galleas
1112 2230 1206 2328 ipsas
1226 2230 1394 2303 enitenti-

333 2345 415 2439 bus,
429 2371 557 2421 manus
567 2361 604 2421 et
613 2344 761 2420 brachia
771 2344 877 2418 luisse
887 2344 1043 2419 abscissa
1053 2343 1269 2419 ferebantur.
1284 2345 1394 2436 Quod

332 2463 461 2562 procul
482 2461 596 2536 dubio
620 2459 820 2535 miserabile
843 2474 919 2534 erat
941 2461 1092 2554 intueri,
1110 2480 1195 2533 curn
1217 2483 1394 2560 pauperes

332 2579 485 2675 fugitivi,
497 2577 745 2652 imminentem
757 2603 781 2652 a
792 2591 892 2676 tergo
904 2576 1048 2652 hostem
1061 2576 1173 2650 vitare
1189 2576 1391 2674 gestientes,

333 2692 472 2789 socios,
490 2693 539 2768 ad
554 2718 647 2794 quos
664 2691 915 2790 confugerant,
934 2692 1098 2766 saeviores
1112 2691 1278 2766 hostibus
1298 2715 1396 2766 oom-

332 2809 505 2884 munibus
521 2811 680 2910 utrisque
696 2809 953 2910 experirentur.

384 2931 498 3002 Porro
519 2927 582 3001 tali
596 2927 699 3001 clade
717 2940 754 3001 et
769 2925 963 3002 miserabili
979 2927 1198 3000 contritione
1221 2925 1396 3000 terrestris

330 3044 507 3118 exercitus
531 3056 738 3142 prospecta,
766 3043 843 3141 ipse
867 3065 930 3114 rex
953 3045 1126 3136 Renatus,
1154 3041 1301 3114 minime
1328 3065 1395 3115 suo

331 3158 447 3231 milite
462 3159 501 3229 in
518 3172 651 3231 terram
667 3157 848 3255 exposito,
870 3155 951 3229 vela
970 3157 1124 3246 iaciens,
1146 3156 1244 3228 unde
1260 3155 1396 3230 adren-

332 3285 426 3346 tarat
450 3271 556 3346 rediit
575 3271 760 3370 inglorius.
785 3274 865 3342 Vox
884 3271 1019 3369 quippe
1042 3271 1244 3344 eommunis
1265 3271 1395 3369 vulga·-

331 3402 441 3485 taque
456 3385 503 3460 da
518 3385 598 3487 ipso
617 3385 717 3485 apud
732 3409 859 3458 omnes
879 3384 974 3458 lama
994 3384 1082 3477 tuit,
1103 3385 1225 3484 quod,
1244 3385 1310 3459 etsi
1326 3384 1395 3460 bo-

333 3529 405 3578 nus
416 3517 455 3576 et
476 3502 515 3576 in
529 3503 730 3576 interventu
746 3515 911 3574 strenuus
928 3497 1030 3573 miles
1047 3499 1247 3594 exsisteret,
1268 3501 1306 3572 in
1322 3497 1396 3576 bel·
1529 3509 1534 3516 '

334 3621 413 3696 licis
427 3636 548 3696 umen
563 3617 868 3721 expeditionibus,
892 3639 1048 3718 quarum
1068 3617 1239 3690 ducatum
1262 3617 1391 3714 gessit,

335 3737 529 3811 infaustum
544 3758 685 3834 semper
700 3732 950 3832 infelicemque
965 3731 1100 3804 exitum
1117 3731 1264 3806 sortitus
1286 3745 1391 3805 esset.

335 3857 427 3926 Nam
448 3866 485 3926 et
507 3863 635 3951 praeter
652 3848 816 3939 cladem,
836 3873 947 3948 quarn
970 3849 1161 3922 incurrisse
1184 3871 1270 3921 eum
1286 3870 1395 3947 supra

335 3969 590 4058 meminimus,
618 3988 701 4040 curn
726 3965 763 4036 in
791 3963 1041 4060 lotharingia,
1070 3977 1197 4038 contra
1228 3967 1395 4060 Burgun-

336 4083 465 4156 diones
492 4081 648 4157 inl'austo
685 4093 798 4152 marte
820 4078 1022 4170 dimicans,
1048 4081 1165 4154 rictus
1198 4093 1395 4177 captusque

337 4197 476 4287 fixerat,
493 4198 600 4272 etiam
620 4193 853 4296 postmodum
872 4193 919 4267 de
940 4217 1052 4292 regno
1077 4191 1310 4292 Neapolitano
1332 4217 1395 4264 seu

336 4315 485 4403 stcittae,
505 4315 603 4412 quod
619 4315 707 4387 citra
721 4311 876 4385 Pharum
892 4312 1069 4409 integrum
1085 4307 1311 4410 possidebat,
1330 4334 1395 4408 per

338 4430 575 4532 Alphoneum,
586 4455 706 4529 regem
721 4433 939 4526 hragonum,
960 4453 1045 4502 cum
1060 4427 1145 4502 satis
1160 4451 1270 4526 parva
1286 4451 1395 4500 manu

379 4653 409 4712 s.
431 4643 733 4724 ultroneam.
