3892 5892
457 870 522 951 ⁸ss
772 864 1031 925 nummmnu
1049 864 1259 922 esnonvn

482 990 579 1063 enim
599 986 776 1089 oppidum
789 986 969 1061 moenibus
985 1000 1020 1060 et
1037 986 1130 1059 vallo
1146 986 1230 1060 satis
1249 985 1403 1059 tenuiter
1422 1000 1458 1059 et
1475 985 1548 1058 exi·

482 1108 561 1179 liter
577 1110 756 1180 munitum
772 1105 883 1195 foret,
903 1120 1004 1179 crant
1025 1120 1145 1179 tamen
1163 1106 1259 1177 intus
1273 1102 1548 1177 fortissimorum

429 1224 436 1233 ’
482 1246 525 1294 cx
540 1222 683 1295 Francis
698 1236 734 1294 et
744 1223 857 1294 Scotis
869 1220 1030 1294 virorum
1043 1220 1161 1293 valida
1173 1220 1352 1320 presidia,
1366 1220 1449 1317 qui,
1464 1244 1548 1291 cum

483 1362 605 1411 rernm
620 1337 831 1411 bellicarum
849 1350 885 1409 et
896 1336 1130 1411 tutandarum
1143 1320 1280 1409 areium
1293 1360 1336 1409 ao
1349 1336 1547 1409 defenden-

473 1453 609 1527 darum
628 1453 734 1553 periti
752 1467 888 1545 essent,
907 1468 1033 1526 contra
1049 1453 1249 1549 Anglornm
1273 1476 1498 1549 aggressores
1512 1466 1548 1523 et
1584 1493 1589 1506 =

482 1570 669 1643 molimina
698 1568 963 1665 vigilantissime
988 1568 1147 1642 remedia
1171 1567 1416 1668 apponebant.
1444 1567 1549 1640 Unde

482 1686 686 1759 factumest
709 1699 750 1756 ut
774 1684 928 1781 Anglici,
948 1686 1031 1757 licet
1046 1685 1118 1766 illic
1140 1710 1225 1757 curn
1248 1684 1370 1765 valido
1392 1685 1548 1757 exercitu

481 1800 544 1873 diu
561 1801 645 1873 satis
659 1814 775 1872 castra
793 1800 1009 1893 tenuissent,
1025 1800 1145 1899 ipsum
1162 1814 1281 1871 tamen
1297 1798 1473 1899 oppidum
1491 1824 1551 1871 ex-

481 1939 643 2013 pugnare
661 1914 808 1987 minime
824 1929 1031 2013 potnerunt.
1052 1920 1165 1989 Porro
1184 1940 1268 1987 cum
1283 1914 1436 1988 obsessis
1451 1914 1551 1988 nulla

483 2032 529 2103 de
557 2031 642 2105 soris
671 2030 879 2103 victualium
899 2045 942 2104 et
968 2056 1091 2105 rerum
1116 2030 1395 2103 necessariarum
1425 2030 1552 2103 solatia

483 2148 735 2247 provenirent,
754 2147 831 2219 dira
848 2147 997 2220 tandem
1012 2148 1107 2221 laum
1122 2172 1167 2220 ex
1182 2146 1353 2246 temporis
1369 2146 1551 2226 diuturni-=

483 2277 555 2336 tate
572 2263 752 2335 constricti
771 2278 866 2338 sunt.
888 2262 997 2353 Quod
1015 2289 1091 2336 non
1103 2263 1300 2337 nescientes
1313 2263 1458 2353 Franci,
1474 2287 1553 2359 gra·

485 2378 666 2452 vissimum
692 2380 869 2477 jacturam
896 2394 1127 2479 reputantes,
1152 2362 1181 2449 si
1197 2377 1381 2476 ¹oppidum
1407 2378 1549 2475 ipsum,

485 2494 586 2592 quod
602 2494 648 2568 ad
666 2495 871 2569 venandam
887 2495 1172 2595 capiendamqne
1188 2492 1383 2592 aliquando
1406 2518 1468 2565 seu
1492 2517 1553 2578 re·

485 2611 731 2711 cuperandam
759 2614 993 2684 Parisiensem
1017 2611 1168 2703 urbem,
1197 2610 1477 2683 instrumentum
1502 2612 1553 2682 eis

486 2726 611 2800 efficax
628 2753 706 2801 csse
725 2741 885 2826 poterat,
907 2727 1014 2799 simul
1031 2729 1138 2801 etiam
1163 2726 1195 2797 si
1210 2742 1246 2799 et
1267 2726 1364 2799 illam
1381 2727 1552 2799 strenuis·

486 2846 615 2917 simam
631 2843 807 2935 militiam,
827 2870 905 2942 quae
921 2843 993 2916 illic
1009 2857 1097 2933 erat,
1115 2842 1297 2943 perditum
1313 2845 1357 2917 iri
1375 2869 1439 2943 per
1452 2846 1552 2941 igna-

486 2960 582 3033 viam
598 2973 662 3031 aut
676 2973 862 3057 torporem
878 2961 1126 3058 permitterent
1141 3013 1152 3050 ,
1171 2958 1264 3031 duce
1279 2958 1407 3031 illustri
1422 2960 1554 3032 comite

487 3076 671 3169 Dunensi,
691 3074 737 3147 de
762 3100 835 3174 quo
863 3101 973 3175 supra
996 3078 1072 3175 jam
1091 3076 1274 3150 multoties
1301 3078 1551 3166 meminimus,

487 3189 639 3263 obsessis
658 3216 868 3265 succursum
883 3194 1127 3292 auxiliumque
1153 3192 1331 3287 tulerunt;
1351 3196 1554 3293 irrumpen-

487 3322 612 3405 tesque
623 3307 660 3381 in
672 3306 867 3405 anglorum
877 3312 1114 3385 munitissima
1126 3325 1257 3404 castra,
1271 3326 1428 3424 quuac
1437 3311 1554 3385 solum

489 3425 535 3495 ad
552 3412 729 3525 oppidum
745 3428 890 3527 patebat
912 3432 1111 3527 ingressus,
1132 3432 1230 3504 ensis
1254 3430 1453 3530 fugatisque
1476 3435 1555 3503 An-

490 3538 590 3633 glicis
616 3540 710 3613 ferro
737 3557 773 3615 et
797 3544 928 3634 armis,
949 3547 1114 3643 pervium
1138 3545 1207 3618 sibi
1232 3546 1300 3619 iter
1319 3546 1367 3618 ad
1385 3545 1555 3651 ,obsessos

491 3656 672 3749 lecerunt,
692 3684 846 3733 annonae
866 3675 902 3732 et
923 3685 1045 3733 rerum
1072 3663 1204 3760 quibus
1226 3664 1379 3735 maxime
1395 3664 1556 3762 inopiam

491 3786 713 3871 paterentur,
727 3800 850 3848 secum
867 3776 914 3850 ad
930 3778 1079 3850 eosdem
1091 3780 1220 3854 solatia
1235 3780 1448 3853 deserentes.
1465 3782 1557 3853 Cum

492 3902 613 3961 autem
622 3888 697 3961 dux
711 3890 937 3987 Bethlordiae,
952 3919 1029 3967 non
1039 3894 1175 3995 absque
1189 3920 1321 3993 magna
1331 3898 1442 3971 animi
1452 3920 1557 3970 mms-

492 4003 587 4094 titia,
606 4028 663 4076 res
679 4004 746 4078 sibi
762 4006 949 4081 infeliciter
962 4009 1157 4108 procedere
1173 4010 1327 4104 videret,
1347 4028 1385 4085 et
1397 4012 1480 4085 talia
1494 4009 1557 4093 ob·

491 4124 595 4197 sessis
612 4126 820 4223 provenisse
838 4126 1019 4221 subsidia,
1034 4145 1198 4203 metuens
1210 4156 1256 4204 ne
1270 4131 1336 4204 sibi
1353 4133 1393 4204 in'
1402 4132 1558 4207 deterius

490 4264 548 4314 res
565 4228 789 4330 succederet,
810 4242 928 4317 soluta
946 4244 1137 4321 obsidione
1150 4247 1241 4319 infra
1254 4272 1390 4347 paucos
1403 4249 1480 4321 die's
1491 4246 1560 4321 dis·

494 4360 600 4433 cessit
613 4374 649 4433 et
666 4360 816 4434 Parisios
831 4385 869 4435 se
886 4362 1024 4461 recepit
1033 4367 1056 4435 ¹.

533 4590 562 4647 l.
586 4591 679 4649 Leto
695 4593 869 4655 sonitans.
