3892 5892
751 876 861 933 mun
877 874 1083 937 SECUNDUS.
1416 882 1455 939 9³

391 1000 563 1097 thuringis
581 1022 691 1102 quam
709 1022 752 1071 ex
766 996 968 1071 Alemannis
982 1011 1020 1071 et
1034 1000 1190 1072 Francis.
1207 999 1343 1074 Cecidit
1362 1004 1455 1077 inter

391 1130 534 1189 caeteros
551 1114 682 1193 nobilis
697 1113 756 1187 iiie
777 1114 878 1187 miles
896 1112 1068 1187 domiuus
1082 1113 1127 1187 de
1140 1114 1351 1208 Barbasan,
1369 1120 1453 1216 qui,

391 1256 438 1303 ne
455 1254 498 1303 ex
514 1253 650 1329 pavore
670 1228 861 1302 consilium
880 1227 1010 1302 dixisse
1029 1243 1226 1329 putaretur,
1244 1231 1355 1331 pedes
1371 1258 1456 1307 cum

390 1349 464 1421 suis
479 1348 527 1421 ad
541 1370 719 1445 pugnarn,
741 1342 870 1417 relictis
886 1345 1000 1441 equis,
1016 1344 1260 1420 descenderat.
1280 1353 1352 1422 Rex
1369 1374 1456 1423 vero

393 1467 547 1537 uenatus
568 1474 693 1563 captus
716 1460 798 1551 suit,
825 1473 932 1558 atque
956 1462 1064 1535 etiam
1088 1488 1173 1539 cum
1200 1490 1246 1537 co
1266 1470 1456 1567 episcopus

391 1579 584 1669 Metensis¹‚
599 1578 661 1676 qui
675 1576 793 1649 eidem
810 1576 883 1673 regi
900 1577 1073 1650 auxilium
1086 1578 1217 1669 serens,
1228 1580 1274 1653 ad
1285 1584 1455 1679 proelium

392 1721 476 1769 curn
488 1696 566 1794 ipso
583 1704 742 1783 venerat,
761 1716 844 1763 cum
862 1690 1026 1790 pluribus
1042 1694 1150 1770 etiam
1165 1689 1349 1770 nobilibus
1363 1699 1454 1771 aliis.

392 1810 501 1901 Quod
527 1808 764 1881 infortunium
786 1806 904 1879 eidem
924 1810 1000 1906 regi
1021 1810 1126 1885 vaide
1144 1813 1339 1886 infaustum
1358 1814 1453 1887 suit:

395 1952 479 2001 nam
506 1926 734 1999 occasionem
755 1922 836 1996 tulit
855 1947 918 1995 sua
937 1928 1121 2025 captivitas
1137 1940 1178 1999 ut
1193 1953 1344 2025 reguum
1365 1928 1457 2001 iliud

397 2044 534 2116 avitum
566 2054 827 2138 paternumque
851 2038 977 2110 Siciliae
1006 2066 1069 2115 seu
1104 2044 1380 2141 Neapolitanum
1409 2044 1457 2118 ad

391 2160 534 2232 hostem
558 2180 665 2227 suum
681 2153 928 2255 Alphonsum,
949 2180 1070 2252 regem
1089 2162 1329 2255 arragonum,
1354 2162 1458 2235 dere·

398 2276 506 2366 niret,
528 2296 645 2369 eoque
667 2272 840 2344 hactenus
863 2270 1023 2370 privatus
1043 2287 1243 2373 exutusque
1261 2283 1454 2353 maneret'.

747 2568 1004 2638 cartTULUM
1029 2568 1104 2637 XX.

410 2770 557 2837 Henricus,
574 2771 722 2843 Auglorum
734 2788 792 2837 rex,
804 2771 832 2824 in
848 2770 970 2843 Angiiam
981 2770 1142 2837 revestitum
1152 2785 1179 2825 et
1189 2770 1303 2843 qualiter
1312 2783 1374 2845 post
1383 2772 1441 2827 hu

766 2876 867 2931 guerra
883 2870 1086 2931 procurrerunt.

442 3042 504 3113 His
522 3042 642 3140 itaque
656 3042 692 3112 in
709 3038 938 3136 lotharingia
957 3040 1074 3135 gestis,
1096 3039 1246 3137 Angiici,
1265 3057 1458 3141 postquam

393 3180 514 3253 regem
527 3180 632 3227 suum
652 3154 845 3227 Henricum
858 3153 1076 3247 diademate,
1095 3173 1238 3255 sceptro
1253 3157 1459 3257 caeterisque
1570 3189 1576 3216 ι

395 3272 571 3369 regalibus
597 3271 737 3344 Parisiis
765 3270 1028 3366 insignivissent
1049 3278 1222 3371 tanquam
1240 3278 1459 3348 Francorum

394 3412 528 3485 regem,
548 3389 666 3486 ipsum
684 3385 793 3485 paulo
810 3397 893 3483 post
916 3384 1181 3481 Rothomagum
1198 3400 1234 3459 et
1249 3387 1339 3461 iude
1350 3390 1459 3488 pauio

394 3518 475 3604 post
486 3529 551 3603 per
563 3502 775 3593 Picardiam,
795 3526 868 3599 quo
884 3499 1106 3594 adventarat,
1121 3527 1288 3575 remenso
1300 3506 1425 3581 itinere
1432 3511 1457 3599 ⁸,

395 3618 572 3693 Calesium
589 3633 625 3691 et
641 3620 677 3690 in
692 3618 856 3713 Angliam
868 3616 1100 3688 reduxerunt.

444 3734 611 3807 Studium
637 3746 757 3806 autem
783 3732 1047 3832 permaximum
1072 3747 1148 3806 erat
1170 3734 1313 3807 Francis
1337 3739 1460 3810 venari

396 3850 525 3924 urbem
551 3850 648 3922 illam
682 3848 815 3945 regiam
853 3847 1088 3939 Parisiorum,
1115 3862 1151 3921 et
1169 3875 1211 3922 ex
1235 3852 1402 3951 captione
1426 3869 1461 3926 et

397 3966 597 4039 munitione
605 3964 808 4037 vicinorum
819 3961 1041 4061 oppidorum
1049 3978 1086 4034 et
1097 3963 1368 4058 sodaliciorum,
1380 3988 1460 4039 eam

397 4082 433 4154 in
460 4096 655 4154 extremam
680 4078 927 4152 necessitatem
956 4076 1170 4171 adductam,
1194 4077 1241 4153 ad
1260 4078 1460 4155 faciendam

439 4332 468 4388 1.
490 4326 605 4386 sonnd
621 4329 714 4405 Bayer
726 4325 763 4386 de
772 4324 919 4405 Boppaid.

439 4420 469 4479 2.
491 4417 556 4475 Ceci
573 4418 652 4475 etant
664 4416 736 4475 ecrit
750 4434 787 4475 en
801 4416 893 4486 itta,
910 4412 938 4471 le
952 4410 997 4470 roi
1013 4412 1097 4472 ltine
1108 4412 1199 4473 vivait
1212 4432 1339 4493 encore,
1354 4430 1384 4478 et
1394 4436 1460 4478 saus

399 4510 460 4567 dtre
472 4507 569 4565 rentre
582 4524 619 4565 en
631 4504 791 4583 possession
803 4504 844 4563 du
858 4520 998 4579 royaume
1011 4501 1049 4562 de
1061 4502 1177 4584 Napies.

442 4600 470 4657 ³.
494 4600 534 4655 Le
550 4596 707 4655 manuscrit
718 4593 813 4652 donne
828 4598 949 4651 murensi
960 4598 1071 4653 itinere.
