3892 5892
763 894 872 959 mett
892 892 1054 963 ttintws.
1374 894 1432 959 tst

380 1031 476 1117 turn,
494 1018 557 1123 qui
581 1018 629 1097 ad
646 1040 756 1099 terras
783 1025 884 1100 ducis
902 1026 1092 1118 Borbouii,
1118 1026 1227 1102 totius
1251 1023 1434 1097 seditionis

379 1142 583 1243 principalis
615 1144 792 1233 auctoris,
823 1143 1051 1241 confugerat,
1083 1142 1261 1215 insecutus
1288 1158 1352 1215 est.
1381 1138 1433 1213 lbi

379 1264 478 1334 enim
493 1262 686 1336 exercitum
702 1263 778 1361 ipse
799 1263 1001 1335 Ludovicus
1018 1261 1189 1359 colligens
1209 1284 1318 1359 quem
1336 1274 1434 1361 pote·

379 1392 456 1468 rat,
475 1392 511 1451 et
525 1378 782 1474 conjurationis
804 1380 921 1450 socios
944 1392 1173 1477 exspectans,
1202 1376 1285 1449 belli
1312 1375 1434 1449 sedem

379 1508 561 1568 statuerat.
589 1494 659 1567 Sed
687 1496 905 1593 praeveniens
924 1520 1006 1585 rex,
1025 1508 1061 1566 et
1077 1518 1206 1567 cavens
1223 1516 1268 1565 ne
1296 1490 1435 1587 longius

379 1626 586 1707 evagaretur
601 1610 779 1683 initiatum
794 1610 1019 1700 incendium,
1040 1634 1125 1681 eum
1142 1609 1286 1681 viriliter
1302 1622 1436 1681 etcum

382 1748 511 1821 magna
528 1725 751 1799 testinatione
767 1740 821 1797 est
838 1740 1060 1823 prosecutus.
1082 1725 1192 1821 Cujus
1206 1746 1437 1821 congressum

381 1840 534 1911 militurn
559 1854 762 1939 exspectare
778 1862 861 1912 cum
885 1864 1001 1937 neque
1026 1841 1101 1937 ipse
1125 1862 1242 1935 neque
1262 1837 1438 1935 conjurati

381 1982 503 2040 secum
530 1958 723 2052 auderent,
753 1958 801 2031 de
824 1957 960 2056 oppido
977 1959 1014 2029 in
1036 1957 1211 2056 oppidum
1236 1972 1271 2031 et
1294 1955 1437 2029 castello

382 2073 420 2143 in
447 2072 632 2145 castellum
663 2074 802 2169 fugatus
826 2088 898 2166 est3
928 2074 1085 2169 qnorum
1106 2072 1267 2172 plurimis
1289 2073 1326 2144 in
1349 2071 1440 2167 regis

383 2210 595 2295 potestatem
619 2195 792 2290 redactis,
812 2196 973 2294 plurimis
989 2196 1026 2267 in
1050 2196 1206 2294 prodam
1224 2196 1332 2288 datis,
1357 2196 1440 2268 satis

383 2309 486 2385 brevi
512 2326 673 2411 tempore
700 2313 738 2383 in
763 2312 971 2385 necessitate
996 2312 1197 2409 paciscendi
1223 2310 1442 2411 parendiquc

384 2454 450 2501 suo
464 2431 616 2527 genitori
627 2429 806 2503 adductus
816 2445 883 2503 est.
898 2435 1168 2503 tntervenerunt
1178 2433 1273 2503 enim
1286 2455 1328 2501 ex
1342 2430 1442 2531 prin·

385 2540 525 2638 cipibus
540 2556 576 2613 ct
591 2540 801 2641 proceribus
816 2542 935 2640 regui,
959 2542 1037 2639 qut,
1055 2556 1181 2641 pacata
1198 2542 1442 2639 indignatione

386 2657 496 2753 regis,
518 2656 665 2731 eumad
689 2656 947 2755 indulgendum
964 2656 1339 2757 [per]donandumque
1362 2680 1442 2729 om·

387 2797 470 2844 nem
495 2772 745 2871 hujuscemodi
763 2776 929 2871 injuriam
946 2790 1019 2848 tam
1040 2776 1113 2849 filio
1129 2800 1237 2873 quam
1257 2774 1341 2849 duci
1357 2778 1445 2847 Bor·

388 2885 488 2959 bonii
502 2903 539 2961 et
561 2890 694 2963 caeteris
713 2892 972 2987 conjurationis
992 2893 1110 2985 sociis,
1129 2892 1289 2965 animum
1307 2891 1443 2987 regium

389 3000 615 3077 inflexerunt.
651 3006 730 3076 Fuit
764 3006 839 3104 ipse
874 3004 1076 3094 Ludoyicus
1099 3006 1146 3079 ad
1168 3022 1353 3105 paternam
1375 3004 1444 3077 do·

390 3136 490 3185 mum
522 3114 834 3213 obedientiamque
868 3139 935 3211 pro
957 3115 1016 3188 illa
1037 3118 1113 3189 vice
1138 3118 1318 3190 restitutus
1337 3130 1444 3213 atque

390 3226 585 3301 redactus¹.

443 3344 524 3437 Ejus
546 3343 666 3441 itaque
682 3340 766 3415 talia
782 3366 902 3415 rerum
917 3367 939 3415 a
955 3368 995 3417 se
1011 3346 1047 3417 in
1072 3359 1256 3445 posterum
1273 3346 1444 3444 gerenda·

391 3478 475 3525 rum
487 3456 587 3531 initia
602 3456 767 3550 fuerunt,
787 3456 941 3555 taliaque
953 3457 1000 3530 de
1013 3484 1051 3533 se
1067 3459 1218 3559 praebuit
1235 3462 1311 3559 ipse
1328 3460 1447 3533 Ludo-

393 3572 505 3644 vicus·
520 3573 698 3671 auspicia,
730 3574 815 3647 satis
837 3573 986 3671 quidem
1014 3575 1065 3647 eis
1091 3599 1252 3649 consona
1276 3600 1355 3675 quae
1381 3600 1445 3676 per

393 3713 477 3762 eum
493 3687 726 3788 postmodum
744 3689 850 3763 tuine
864 3704 980 3786 gesta,
999 3690 1029 3762 si
1042 3694 1138 3765 Deus
1151 3690 1360 3785 donaverit,
1373 3692 1446 3765 suis

392 3804 480 3879 locis
494 3806 699 3879 reseremus.

434 4010 464 4066 t.
485 4011 562 4068 Tous
574 4028 621 4069 ces
629 4006 814 4068 erenements
827 4018 892 4067 sont
899 4008 937 4069 de
950 4008 1063 4071 l'snnie
1080 4014 1170 4084 teto,
1180 4022 1209 4071 et
1220 4010 1379 4071 anterieurs
1389 4030 1447 4071 sus

397 4095 547 4155 tentativa
560 4097 643 4157 faites
655 4117 730 4177 pour
739 4116 895 4158 conserver
909 4098 1054 4169 Easdem,
1068 4117 1126 4177 que
1142 4098 1265 4158 l’sutenr
1278 4118 1296 4157 s
1309 4096 1448 4177 exposcet

396 4184 512 4263 dansle
526 4184 656 4265 cbspitre
669 4187 833 4266 precedent.
