3892 5892
529 876 596 933 ,136
814 870 1073 931 ntsrottlttttttt
1090 870 1227 941 cauom
1245 868 1298 928 vlt

544 1006 650 1089 atque
668 989 879 1063 dominandi
895 990 1042 1068 nimiam
1052 1012 1177 1085 gerens
1188 987 1470 1085 cupiditatemac
1481 988 1597 1065 tibidt

543 1132 646 1199 nem,
663 1129 686 1179 a
701 1105 796 1179 duce
813 1105 983 1178 Borbonii
993 1120 1028 1177 et
1041 1103 1253 1202 quibusdam
1263 1104 1597 1202 pravisbomiuibus

543 1238 746 1319 suggestum
761 1237 813 1294 est
831 1236 871 1292 ut
886 1221 986 1316 regni
1000 1220 1282 1293 moderationem
1301 1235 1407 1319 atque
1423 1224 1597 1297 ministra·

545 1340 680 1413 tionem
696 1339 829 1411 babere
851 1339 971 1437 potius
989 1338 1135 1409 deberet
1152 1360 1260 1435 quam
1278 1352 1380 1435 pater
1404 1364 1513 1427 suus,
1533 1355 1596 1411 aut

543 1455 709 1528 nonnulli
721 1454 784 1552 qui
797 1453 890 1525 circa
901 1451 1002 1524 illum
1020 1466 1143 1523 erant:
1165 1476 1247 1523 cum
1265 1452 1361 1524 idem
1377 1468 1477 1555 pater
1488 1479 1592 1547 suus,

543 1572 618 1643 otio
627 1581 766 1643 'vacans
779 1583 814 1641 et
831 1568 941 1660 luxui,
957 1592 1106 1664 regnum
1128 1582 1199 1648 turn
1216 1566 1262 1639 ab
1275 1566 1437 1640 hostibus
1446 1592 1557 1666 quam
1571 1593 1596 1640 a

545 1690 640 1780 suis,
659 1686 759 1784 quasi
776 1683 910 1756 nullam
929 1684 974 1755 de
990 1682 1065 1779 ejus
1082 1682 1194 1754 salute
1212 1698 1247 1755 et
1270 1676 1511 1755 incolumitate
1532 1709 1592 1756 seu

532 1800 885 1892 ‚defensionecuram
900 1797 1037 1871 babens
1049 1852 1058 1885 ,
1071 1798 1199 1897 diripi,
1217 1797 1363 1869 lacerari
1378 1812 1415 1870 et
1423 1798 1596 1873 devastari

547 1914 681 2011 ubique
698 1915 935 2011 permitteret3
953 1912 1027 2009 ipse
1040 1936 1130 2006 vero
1141 1912 1203 2008 qui
1213 1912 1353 2009 juvenis
1364 1925 1399 1981 et
1414 1914 1594 1985 animosus

545 2029 652 2120 foret,
671 2031 702 2101 si
710 2029 821 2102 semel
834 2030 944 2128 ipsius
961 2029 1060 2124 regni
1078 2026 1317 2125 gubernacula
1336 2044 1589 2127 assequeretur,

549 2143 649 2216 facile
663 2144 792 2219 talibus
807 2144 1046 2217 incommodis
1062 2142 1222 2215 obviaret
1239 2158 1275 2215 et
1292 2146 1448 2217 remedia
1464 2170 1593 2245 oppor-

546 2273 633 2343 tuna
651 2258 804 2351 afferret,
821 2283 968 2356 remque
981 2258 1175 2359 publicam,
1196 2284 1340 2359 prorsus
1356 2259 1528 2360 dilapsam
1539 2276 1594 2335 at-

550 2398 621 2471 que
631 2399 744 2473 prope
754 2375 961 2446 exstinctam
973 2429 983 2466 ,
996 2398 1060 2445 sua
1075 2374 1254 2471 vigilantia
1270 2388 1304 2447 et
1317 2375 1490 2450 industria
1497 2377 1596 2449 brevi

549 2503 711 2588 tempore
732 2492 962 2581 instauraret,
980 2505 1016 2561 et
1031 2488 1182 2589 publicis
1202 2490 1320 2586 ejectis
1338 2490 1522 2583 hostibus,
1541 2517 1598 2565 re·

550 2631 660 2702 gnum
675 2607 792 2704 ipsum
807 2604 852 2677 ad
864 2606 1014 2701 priscam
1032 2605 1210 2702 dignitatis
1226 2632 1296 2679 suae
1311 2631 1353 2679 ac
1368 2606 1507 2695 decoris
1523 2634 1598 2707 gra·
1722 2660 1729 2668 ·

548 2722 636 2793 tiam
651 2736 760 2819 atque
777 2720 995 2817 opulentiam
1013 2734 1207 2793 revocaret.

596 2835 739 2907 Talibus
756 2835 996 2907 delinimentis
1020 2851 1126 2933 atque
1143 2837 1220 2908 aliis
1237 2828 1492 2935 hujuscemodi
1497 2841 1600 2937 jure·

548 2952 603 3022 nis
620 2951 679 3021 ille
698 2950 838 3021 animus
854 2948 990 3023 illectus
1013 2952 1101 3050 (nec
1117 2953 1214 3024 euim
1230 2954 1372 3027 diflicile
1388 2971 1440 3028 est
1457 2980 1601 3054 persua·

549 3066 634 3139 dere
650 3065 782 3139 volenti
793 3066 826 3163 ),
839 3089 967 3137 eorum
981 3066 1111 3139 auxilio
1124 3084 1160 3140 et
1177 3070 1347 3161 factione,
1362 3072 1424 3169 qui
1438 3071 1505 3143 sibi
1519 3071 1602 3145 talia

551 3182 764 3273 suaderent,
784 3180 902 3282 plures
922 3208 964 3255 ex
989 3182 1142 3257 ducibus
1161 3200 1313 3285 paternae
1328 3188 1460 3259 militiae
1485 3187 1603 3260 militi-

553 3297 692 3396 busque
717 3298 764 3371 ad
786 3325 823 3372 se
845 3298 1008 3399 pellexit,
1029 3302 1109 3399 qui,
1137 3326 1312 3374 novarum
1329 3312 1453 3375 'rerum
1481 3304 1602 3403 cupidi

553 3415 823 3514 invidentesque
847 3441 972 3489 eorum
995 3418 1149 3491 felicitati
1170 3418 1232 3514 qui
1257 3417 1458 3515 potioribus
1478 3444 1515 3491 se
1533 3414 1599 3491 bo·

549 3514 605 3602 nis
623 3546 685 3604 aut
709 3524 908 3605 honoribus
935 3534 1150 3632 potirentur,
1178 3557 1251 3604 non
1278 3558 1428 3629 regnum
1454 3558 1603 3633 remque

549 3649 658 3745 ipsius
673 3647 853 3747 publicam
869 3648 1002 3721 salvam
1023 3649 1121 3738 fore,
1142 3647 1205 3721 sed
1224 3672 1295 3721 suae
1314 3649 1498 3722 dumtaxat
1517 3649 1601 3722 libi·

552 3763 630 3833 dini
650 3776 686 3833 et
707 3763 960 3860 cupiditatibus
981 3762 1178 3835 satisfacere
1193 3764 1408 3863 cupiebant3
1425 3767 1605 3839 traxisset-

550 3902 621 3976 que
645 3877 767 3974 utique
793 3876 893 3949 brevi
916 3878 962 3949 ad
985 3876 1024 3949 se
1048 3878 1241 3976 plurimos,
1265 3895 1474 3979 patremque
1503 3883 1602 3954 omni

550 4006 723 4093 potestate
734 3992 923 4091 privasset,
938 3994 1004 4064 nisi
1019 3992 1139 4066 divina
1151 3995 1356 4089 clementia,
1372 4023 1428 4069 res
1440 3999 1602 4071 miserata

547 4109 746 4201 humanas,
772 4134 793 4180 a
817 4106 878 4179 tali
895 4109 1001 4180 exitio
1016 4134 1135 4204 regern
1159 4136 1381 4211 regnumque
1407 4112 1599 4188 liberasset.

551 4223 683 4295 Videns
701 4223 796 4309 euim
822 4248 883 4295 rex
910 4225 947 4295 in
971 4225 1075 4296 tantis
1102 4250 1139 4296 se
1168 4229 1400 4301 constitutum
1416 4232 1600 4327 periculis,

547 4365 622 4412 sese
637 4365 658 4414 a
674 4341 782 4438 longo
800 4338 896 4413 velut
911 4364 1042 4439 sopore
1057 4345 1223 4415 suscitare
1242 4368 1410 4443 armaque
1427 4348 1604 4444 suscipere

548 4455 755 4551 compulsus
775 4469 840 4527 est.
860 4454 1063 4549 Adscisceus
1079 4458 1198 4554 itaque
1214 4482 1257 4531 ex
1273 4460 1405 4533 militiae
1419 4486 1490 4534 suae
1506 4462 1603 4551 duci-

548 4569 616 4642 bus
644 4594 735 4670 quos
751 4568 844 4643 fidos
866 4571 984 4673 potuit
1010 4572 1186 4668 iuvenire,
1210 4572 1321 4649 frlium
1346 4602 1451 4659 suurn
1475 4576 1603 4681 praefa-
