3892 5892
576 872 635 928 986
861 871 1115 930 nrstottmnun
1132 873 1269 931 ctnott
1291 876 1342 932 VH

576 997 805 1090 equitumue
832 993 992 1092 peditum
1020 993 1219 1092 multasque
1247 994 1331 1067 belli
1356 995 1552 1070 machinae
1578 993 1636 1068 illo

577 1116 765 1192 contruxit.

913 1359 1168 1456 uterrunuu
1192 1363 1282 1430 run.

630 1556 748 1626 Qualiter
764 1554 836 1609 idem
853 1554 999 1626 Delphinus
1012 1554 1046 1608 ad
1065 1555 1160 1612 durem
1175 1556 1334 1630 Burgundioe
1345 1559 1482 1632 confugit,
1497 1579 1516 1616 a
1531 1577 1588 1630 quo

933 1641 1082 1698 honorifice
1093 1655 1130 1698 est
1142 1660 1274 1718 exceptus.

627 1816 697 1888 Sed
714 1817 854 1888 animus
869 1815 927 1888 ille
950 1816 1049 1890 ferox
1074 1833 1110 1890 et
1134 1819 1331 1893 indomitus
1346 1845 1415 1893 nee
1439 1819 1559 1896 sicud
1578 1839 1638 1915 pu·

578 1934 690 2006 remis
712 1932 949 2004 reverentiam
965 1933 1114 2005 inflexus
1129 1949 1198 2024 est,
1219 1935 1281 2032 qul
1298 1935 1423 2033 utique
1448 1959 1529 2008 non
1558 1955 1637 2003 eum

578 2047 749 2147 perdere,
768 2047 831 2118 sed
856 2048 1064 2120 melioribus
1085 2051 1247 2122 moribus
1270 2075 1311 2122 ac
1334 2049 1635 2128 humanioribus,

578 2163 724 2258 abjectis
741 2163 808 2234 illis
830 2162 991 2235 barbaris
1007 2178 1041 2235 et
1066 2165 1235 2248 efferatiS,
1264 2167 1446 2240 instituere
1469 2181 1508 2238 et
1533 2162 1636 2236 disci·

578 2277 716 2376 plinare
733 2293 881 2376 paterna
895 2279 1082 2351 allectione
1096 2281 1288 2376 quaerebat.
1309 2285 1422 2352 Porro
1438 2282 1572 2354 ridens
1587 2277 1636 2348 vi·

579 2419 636 2467 res
650 2393 718 2466 sibi
734 2392 840 2490 longe
857 2395 1011 2492 imperes
1028 2396 1197 2466 exercitui
1214 2411 1249 2468 et
1266 2397 1396 2468 militiae
1412 2398 1525 2495 patris
1543 2415 1636 2478 esse,

579 2509 707 2606 quovis
719 2509 839 2606 potius
855 2507 1014 2580 exsulare
1031 2508 1161 2604 eligens
1176 2524 1239 2580 aut
1250 2511 1485 2607 peregrinari,
1502 2529 1634 2606 quam,

579 2625 672 2720 patri
688 2621 817 2696 debitis
832 2623 1032 2708 honoribus
1045 2639 1079 2694 et
1091 2623 1294 2696 obedientia
1302 2627 1470 2718 serratis,
1488 2627 1528 2698 in
1546 2623 1636 2719 ejus·

580 2737 664 2810 dem
679 2737 791 2809 domo
804 2751 840 2808 et
857 2737 1030 2807 comitatu
1046 2736 1230 2828 omnibus,
1248 2762 1336 2835 quas
1351 2738 1555 2811 desiderare
1569 2759 1635 2834 ρο·

582 2851 714 2938 ruisset,
730 2850 864 2921 deliciis
875 2847 1076 2945 opibusque
1089 2850 1288 2943 abundare,
1299 2851 1488 2924 consilium
1501 2845 1636 2946 accepit

579 2964 626 3039 ud
657 2963 885 3061 Philippum,
914 2963 1211 3056 Burgundionum
1245 2965 1391 3058 ducem,
1426 2969 1631 3062 confugere·

580 3077 688 3165 Quod
708 3093 746 3151 ut
763 3092 842 3150 tuto
855 3075 1030 3173 ⁴perlicere
1047 3093 1165 3174 posset
1182 3078 1337 3176 (ubique
1352 3082 1448 3152 enim
1465 3081 1569 3154 tendi
1584 3079 1633 3148 in·

579 3193 686 3268 sidias
699 3217 801 3264 mena
820 3190 889 3262 sihi
906 3191 998 3264 male
1014 3195 1157 3266 conscia
1175 3195 1376 3292 metuebat)
1390 3196 1435 3268 ad
1452 3188 1633 3267 marescal·

580 3307 655 3381 lum
673 3306 883 3403 Burgundiae
908 3307 1046 3398 misit¹,
1066 3333 1196 3404 rogans
1218 3325 1257 3381 ut
1280 3333 1362 3382 eum
1379 3311 1426 3384 ad
1449 3311 1632 3410 praelatum

581 3422 806 3522 Philippum,
838 3423 1026 3496 dominum
1054 3449 1180 3515 suum,
1209 3425 1388 3498 dedueere
1415 3427 1544 3512 vellet3
1576 3419 1632 3518 qul

581 3537 715 3630 libens,
731 3552 770 3610 ut
786 3539 863 3634 eJ'us
874 3537 1094 3610 voluntatem
1107 3543 1269 3635 agnovit,
1286 3543 1435 3614 collecta
1446 3541 1630 3615 satellitum
1754 3543 1755 3560 ¹

582 3677 710 3740 manu,
728 3679 807 3752 quae
832 3652 879 3725 ad
895 3653 968 3724 hoc
992 3653 1187 3746 sufficeret,
1208 3681 1292 3728 eum
1307 3658 1385 3728 sine
1398 3656 1630 3755 procrastina·

582 3768 681 3840 tione
705 3766 859 3861 benigue
887 3781 923 3840 et
952 3768 1102 3842 comiter
1126 3771 1264 3867 excepit
1288 3786 1323 3841 et
1348 3771 1384 3842 in
1410 3769 1630 3843 Brabantiam

582 3907 695 3978 usque
713 3880 890 3978 perduxit.

630 4001 714 4072 Erat
731 3996 827 4071 idem
842 3995 1029 4095 Philippus
1045 4021 1129 4072 eum
1145 3996 1267 4072 valido
1283 3999 1440 4072 exercitu
1457 3999 1631 4097 profectus

582 4112 619 4189 iu
636 4111 931 4206 trajectensium
946 4125 982 4184 et
1001 4112 1187 4184 Frisonum
1206 4111 1310 4202 tinen,
1331 4139 1377 4188 eo
1393 4113 1493 4210 quod
1508 4133 1631 4210 quern-

582 4227 667 4298 dam
683 4225 882 4296 naturalem
897 4225 1010 4296 filium
1033 4249 1154 4319 suum,
1176 4252 1283 4324 quern
1299 4253 1459 4300 summus
1478 4225 1628 4298 Pontilct

624 4476 651 4535 l.
674 4471 808 4620 1lJ‘hibapd
822 4473 858 4535 de
872 4471 1058 4548 Neulclultel,
1069 4473 1202 4554 seigneur
1215 4469 1252 4530 de
1265 4473 1405 4535 Blemont.

623 4565 651 4621 2.
704 4573 763 4618 trec
785 4574 805 4623 t.
