3892 5892
481 915 521 973 22
769 909 1029 972 mstomauutt
1047 907 1185 968 GAROH
1202 909 1256 968 vlt

529 1039 613 1112 linc
634 1059 719 1109 cum
736 1059 799 1108 rex
823 1034 989 1124 dixisset,
1013 1033 1107 1106 miro
1124 1029 1238 1104 modo
1262 1031 1466 1104 animorum
1483 1055 1544 1104 au-

481 1153 584 1228 dacia
595 1151 716 1250 Anglis
728 1151 900 1244 accrevit,
916 1145 1220 1247 cognoscentibus
1229 1147 1316 1247 ipsis
1326 1164 1429 1220 suam
1441 1172 1543 1246 pror-

479 1295 540 1343 sus
551 1267 743 1369 periclitari
761 1266 933 1357 salutem,
952 1265 1024 1340 nisi
1041 1263 1178 1338 sortiter
1196 1261 1404 1338 dimicando
1422 1261 1544 1338 hostes

479 1397 704 1486 superarent.
1497 1435 1499 1442 Α

836 1701 1095 1775 carnutum
1118 1703 1179 1773 tx.

646 1905 772 1961 hobam
779 1903 855 1980 apud
866 1906 993 1978 Agbreore
1001 1904 1071 1961 inter
1081 1904 1198 1961 Fruere
1207 1917 1234 1960 et
1244 1905 1346 1979 tnglor
1356 1906 1377 1962 ¹.

525 2087 729 2160 (llamorem
741 2085 849 2183 igitur
863 2086 948 2158 satis
963 2084 1187 2160 horrendum
1203 2085 1386 2178 tollentes,
1402 2111 1543 2188 coepere

480 2203 619 2302 magnis
634 2201 773 2276 viribus
787 2225 892 2275 arcus
905 2201 1117 2294 extendere,
1134 2216 1171 2276 et
1185 2202 1254 2277 tela
1269 2203 1306 2276 in
1321 2202 1444 2277 hostes
1459 2205 1542 2279 mit·

477 2335 571 2410 tere,
591 2319 630 2392 in
652 2333 754 2392 tanta
773 2317 922 2417 quidem
943 2319 1220 2411 numerositate,
1250 2332 1292 2392 ut
1317 2319 1365 2392 ad
1391 2321 1542 2396 modum

476 2435 666 2536 cujusdam
680 2434 789 2508 nubis
802 2459 930 2508 eorum
941 2433 1099 2509 densitas
1111 2433 1243 2510 ooelum
1256 2435 1475 2528 obduceret,
1491 2452 1539 2534 et,

387 2575 393 2589 ·
477 2579 521 2630 ex
532 2567 588 2626 tot
602 2553 757 2650 sagittis,
770 2551 869 2627 velut
879 2576 980 2649 seges
995 2552 1114 2648 aliqua
1128 2551 1251 2626 fertilis
1267 2553 1304 2626 in
1319 2577 1450 2653 campo
1464 2554 1542 2654 ipso

477 2672 607 2745 oborta
626 2683 775 2769 repente
793 2667 994 2758 videretur3
1014 2667 1321 2767 procedentesque
1342 2669 1542 2767 sagittando

476 2787 525 2861 ad
544 2784 684 2878 hostes,
702 2797 756 2857 tot
770 2807 814 2856 ex
831 2783 950 2879 equis,
969 2783 1007 2856 in
1026 2782 1158 2881 quibus
1176 2784 1381 2859 insidebant
1395 2788 1540 2876 Franci,

475 2897 759 2995 hominibusque
779 2893 1034 2986 vulnerarunt,
1063 2894 1227 2995 pluribus
1256 2899 1364 2973 etiam
1392 2900 1538 2995 occisis,

475 3014 595 3114 quod,
608 3013 819 3112 priusquam
827 3035 955 3085 manus
968 3011 1124 3084 inserere
1138 3027 1302 3112 possent,
1317 3016 1542 3114 Francigenis

475 3145 574 3228 terga
591 3127 812 3202 vertentibus
833 3143 871 3202 et
894 3129 1163 3228 compressione
1178 3143 1304 3205 mutua
1324 3156 1362 3205 se
1386 3132 1541 3206 invicem

476 3241 755 3334 suffocantibus,
774 3267 889 3344 parvo
912 3258 996 3344 post
1020 3243 1143 3318 labore
1172 3258 1208 3317 et
1232 3245 1332 3318 nullo
1354 3272 1456 3347 paene
1476 3275 1542 3322 ne-

477 3361 590 3460 gotio,
606 3361 759 3435 victoria
772 3361 927 3460 dnglicis
941 3362 1099 3436 cesserit.
1115 3359 1313 3435 Miserabile
1328 3377 1405 3436 erat
1424 3367 1541 3440 statim

476 3477 600 3552 videre
614 3492 671 3569 ut,
689 3479 805 3577 ruptis
820 3477 1030 3572 ordinibus,
1049 3479 1087 3550 in
1107 3477 1187 3577 ipso
1203 3479 1423 3552 Francorum
1441 3504 1540 3555 exer·

477 3595 551 3668 citu
568 3593 733 3667 conlusio
751 3592 842 3668 lacta
857 3593 992 3680 suerat,
1013 3607 1051 3666 ct
1067 3593 1160 3667 elabi
1179 3617 1243 3694 per
1260 3591 1381 3692 lugam
1396 3594 1540 3693 plurimi

476 3724 718 3799 conarentur3
738 3710 927 3808 quomodo
944 3709 1071 3783 decem
1084 3709 1282 3806 anglorum
1295 3725 1441 3784 centum
1453 3737 1541 3811 pro-

476 3841 711 3925 sequerentur
725 3839 762 3900 et
777 3851 871 3899 unus
882 3826 1029 3919 decem;
1047 3826 1125 3927 qui,
1143 3851 1227 3900 cum
1243 3827 1290 3900 ab
1306 3827 1426 3926 singlis
1441 3852 1541 3904 com·

476 3940 799 4041 prehenderentur,
832 3940 924 4016 nihil
953 3940 1168 4014 reluctantes
1194 3965 1263 4015 nec
1296 3942 1406 4017 ullam
1440 3969 1540 4044 spem

299 4029 305 4044 ¹
367 4129 371 4136 ,
476 4057 707 4154 defensionis,
720 4060 789 4160 nisi
802 4059 839 4133 in
853 4059 931 4133 sola
941 4059 1038 4158 fuga,
1049 4071 1238 4159 ponentes,
1250 4061 1538 4152 trucidabantur,

475 4174 533 4248 rel
559 4176 730 4274 gregatim
755 4189 796 4248 ut
826 4200 961 4276 pecora
984 4173 1220 4248 ducebantur.
1250 4177 1540 4278 cecideruntque

474 4397 562 4440 rencc
577 4377 804 4456 d'authenticite,
818 4402 856 4444 au
874 4381 920 4442 roi
936 4381 1148 4465 d'Angleterre.
1171 4383 1368 4446 chronieorum
1388 4387 1484 4446 Caroli
1500 4393 1547 4448 Vl

373 4461 385 4481 ⁸
474 4467 526 4528 lib.
542 4471 714 4546 xxxmo.
727 4493 792 4538 vm.
803 4477 945 4549 sloncv,
956 4494 987 4555 p.
999 4477 1061 4534 555
1072 4470 1109 4532 de
1123 4470 1349 4538 1’tditiondeu.
1366 4475 1542 4561 Bellagnet.)

475 4558 705 4712 l.'¹x⁴vl1h.pm
725 4561 862 4626 nasute
884 4563 958 4626 dans
982 4565 1024 4626 les
1047 4567 1173 4626 Amor
1192 4569 1349 4645 Flaodria,
1368 4567 1406 4630 de
1426 4572 1539 4648 Meyer,
