3892 5892
737 910 846 969 matt
872 912 1036 975 TERTIUS.
1357 924 1414 981 tart

359 1032 516 1126 mittere3
535 1058 557 1107 e
574 1044 699 1107 conus
724 1030 853 1129 Anglos
874 1033 1076 1110 defensioni
1105 1040 1283 1132 insistere,
1312 1068 1413 1119 scan-

358 1148 483 1227 dentes
495 1148 616 1225 bostes
635 1149 808 1247 deJicere,
824 1151 863 1225 in
879 1176 942 1225 eos
961 1153 1119 1253 lapides,
1139 1157 1234 1255 ligna
1253 1175 1289 1233 et
1304 1187 1414 1237 omne

360 1267 513 1341 telorum
539 1292 649 1367 genus
671 1268 885 1362 immittere,
915 1270 1090 1344 ferventes
1114 1298 1224 1371 aquas
1244 1276 1300 1348 vel
1325 1303 1414 1375 quas

357 1385 519 1457 iuvenire
542 1397 689 1483 possent
718 1384 975 1483 pinguedines,
1004 1410 1171 1463 accensas
1197 1388 1346 1464 fundere
1373 1420 1414 1469 ac

358 1524 542 1600 spargere,
560 1522 628 1599 pro
640 1499 736 1589 vita,
757 1523 826 1597 pro
842 1500 955 1573 selme
971 1525 1047 1574 non
1063 1506 1217 1599 segniter
1233 1506 1415 1583 decertare

358 1639 401 1689 ac
419 1614 587 1689 dimicare
599 1616 757 1713 (certum
780 1616 971 1690 enim-erat
991 1620 1042 1693 eis
1059 1621 1160 1695 victis
1177 1648 1251 1695 non
1269 1648 1414 1723 speran-
1517 1641 1525 1654 '

359 1731 444 1803 dam
460 1755 537 1803 esse
553 1756 621 1831 pro
643 1732 795 1830 pecunia
811 1731 1119 1830 redemptionem,
1137 1737 1201 1809 sed
1225 1742 1413 1839 mortem),

359 1869 426 1918 nec
452 1871 520 1945 pro
544 1845 657 1944 gloria
681 1860 760 1918 uter
787 1846 981 1945 imperaret
1003 1875 1067 1922 scu
1095 1851 1206 1924 victor
1227 1854 1413 1947 evaderet,

358 1962 423 2034 sed
435 1977 513 2034 uter
523 1975 700 2061 superstes
713 1978 886 2054 maneret,
902 1964 1090 2037 imminere
1102 1981 1295 2043 certamen.
1312 1975 1417 2070 Atqui

359 2078 520 2179 proiecto
540 2079 657 2175 jactus
678 2076 736 2151 ille
753 2078 914 2151 assidam
929 2079 1240 2179 creberrimusque
1256 2086 1415 2161 colubri-

360 2220 489 2269 narum
520 2219 563 2267 ac
591 2196 876 2295 serpentinarum
904 2196 998 2269 vires
1029 2198 1241 2295 animosque
1266 2202 1417 2299 duplicis

360 2310 462 2407 fregit
475 2324 585 2407 atque
600 2310 755 2383 abstulit.
778 2314 869 2383 Nam
885 2310 1024 2407 quoties
1041 2336 1135 2400 sese,
1153 2312 1201 2385 ad
1214 2316 1417 2414 propellen-

360 2424 448 2498 dum
461 2427 523 2523 qui
536 2425 648 2499 scalas
664 2425 967 2516 conscendebant,
981 2424 1190 2521 objicerent,
1206 2442 1279 2501 tam
1296 2454 1431 2530 expers

361 2555 416 2613 tos
429 2540 522 2614 illius
538 2544 623 2615 artis
638 2542 829 2638 magistros
844 2566 906 2613 rex
928 2539 1105 2634 habebat,
1126 2556 1186 2629 ut,
1206 2540 1417 2641 quemcum-

360 2658 480 2753 quein
496 2683 601 2731 mum
618 2658 675 2731 vel
691 2659 780 2732 turri
799 2655 983 2729 advertere
998 2660 1216 2755 potuissent,
1232 2659 1327 2734 illico
1341 2664 1418 2736 sine

359 2774 519 2848 remedio
528 2776 625 2873 jactu
639 2774 768 2875 lapidis
785 2774 992 2847 necabatur.
1012 2773 1205 2848 Ferebatur
1223 2776 1269 2849 ab
1283 2777 1339 2850 his
1355 2780 1417 2876 qui

359 2906 435 2963 rem
451 2891 632 2978 viderant,
645 2889 758 2989 quod,
778 2889 921 2963 eumad
934 2888 1204 2987 prohibendum
1219 2892 1417 2989 ingressum

359 3030 486 3080 eorum
507 3008 572 3105 'qui
589 3006 636 3079 ad
654 3003 849 3103 qnamdam
868 3004 1118 3077 validissimam
1140 3008 1269 3080 turrim
1293 3032 1419 3085 ascen-

359 3119 506 3214 debant,
522 3121 570 3193 ad
586 3123 761 3213 foramen,
780 3144 851 3216 qua
865 3118 1088 3215 ingrediendi
1102 3122 1159 3191 via
1175 3122 1331 3221 patebat,
1351 3131 1420 3199 du·

360 3237 441 3335 glici
465 3259 579 3335 nsque
604 3236 652 3309 ad
683 3256 875 3307 numerum
900 3233 1098 3329 sexdecim,
1128 3262 1173 3308 eo
1199 3238 1322 3336 quod¹
1348 3240 1418 3319 illic

362 3352 515 3425 maxime
532 3347 732 3449 periculum
744 3372 899 3447 praesens
911 3372 987 3419 esse
1000 3349 1208 3437 cernebant,
1225 3356 1418 3427 successive

361 3492 455 3541 unus
471 3480 553 3565 post
572 3465 722 3539 alterum
740 3464 990 3555 accurrissent,
1014 3488 1140 3537 omnes
1159 3465 1321 3563 lapidum
1339 3470 1418 3540 icti-

361 3585 430 3657 bus
450 3585 556 3657 suisse
578 3580 1028 3683 percussosdejectosqu03
1049 3606 1140 3679 quos
1161 3598 1197 3655 et
1213 3586 1339 3658 Franci
1364 3586 1418 3659 in·

361 3704 560 3807 gredientes
584 3702 711 3775 illicio
727 3726 802 3775 uno
817 3725 946 3776 acervo
968 3717 1167 3801 prostratos
1185 3704 1417 3805 jacentesque

361 3824 588 3897 invenerunt.
737 3812 741 3818 ⁴

411 3938 456 4010 Vi
466 3938 573 4036 igitur
583 3940 877 4035 Francorumque
890 3936 1116 4010 animositate
1132 3937 1417 4037 caesispulswe

364 4052 410 4125 de
424 4054 535 4125 muris
552 4050 691 4151 buglis,
709 4076 770 4124 rex
787 4052 863 4153 ipse
887 4066 923 4125 et
948 4052 1003 4125 sui
1023 4051 1150 4125 milites
1176 4078 1242 4152 per
1272 4078 1417 4131 murum

363 4168 668 4260 conscendentes,
686 4167 862 4269 oppidum
884 4169 1002 4268 ipsum
1021 4170 1072 4241 ita
1095 4183 1336 4266 expugnatum
1359 4198 1418 4246 ce·

364 4299 507 4386 parunt.
546 4285 654 4375 Quod
691 4311 775 4359 cnm
808 4286 952 4382 ingressi
988 4297 1130 4377 essent,
1173 4308 1419 4387 quoscumque

365 4398 562 4499 bogiorum
584 4401 746 4475 invenire
767 4402 983 4502 potuissent,
1020 4397 1156 4499 absque
1178 4400 1419 4480 misericordia

406 4628 435 4688 i.
457 4621 579 4685 Damio
593 4582 762 4699 mrum,
777 4626 919 4681 sexdedm
929 4630 980 4701 qui
990 4644 1022 4682 co
1036 4624 1121 4701 quod.

445 4754 456 4793 ι
1244 4732 1282 4791 10
1401 4730 1405 4737 “
