3892 5892
604 834 644 890 Η
882 828 1140 890 bumannum
1159 830 1296 892 GAROH
1315 833 1369 892 vn

603 953 798 1050 argenteis,
818 953 951 1050 quibus
972 971 1169 1054 martyrum
1192 980 1235 1030 ac
1253 956 1499 1031 consessorum
1524 953 1571 1028 ibi
1592 953 1644 1026 de·

604 1072 793 1144 votissimae
809 1071 985 1169 reliquiae,
1004 1096 1046 1146 ac
1062 1086 1138 1145 toto
1155 1074 1244 1148 orbe
1257 1073 1491 1163 veneranda,
1509 1093 1644 1148 asserva·

604 1185 737 1260 bantur
754 1202 791 1262 et
812 1185 1039 1284 tegebantur,
1058 1189 1237 1288 parcitum
1256 1189 1322 1282 sit;
1344 1189 1410 1262 sed
1425 1185 1590 1288 quidquid
1609 1182 1643 1256 ad

604 1326 754 1378 manum
766 1305 889 1378 venire
903 1303 1040 1401 potuit,
1058 1304 1097 1378 in
1114 1305 1278 1402 rapinam
1297 1318 1407 1404 atque
1427 1301 1578 1405 praedam
1592 1299 1645 1371 mi·

604 1418 801 1492 serabiliter
818 1417 956 1491 abierit.
977 1422 1142 1505 Quantus
1162 1445 1248 1492 vero
1269 1418 1403 1494 abusus
1423 1434 1643 1493 matronarum

604 1548 641 1606 et
663 1535 861 1632 virginum,
889 1547 1031 1630 quantae
1054 1532 1255 1626 violentiae,
1282 1551 1420 1634 quanta
1447 1531 1591 1607 ludibria
1610 1527 1644 1598 de

603 1652 690 1751 ipsis
713 1651 786 1724 illic
810 1647 933 1722 habita
956 1648 1049 1743 sint,
1078 1664 1121 1723 et·
1140 1648 1276 1750 ubique
1300 1651 1338 1724 in
1364 1650 1534 1724 omnibus
1555 1645 1644 1718 ferma

604 1765 806 1840 civitatibus
824 1764 945 1862 regni,
963 1763 1010 1838 ad
1026 1788 1117 1863 quas
1132 1764 1330 1840 scortandae
1354 1781 1390 1839 et
1415 1758 1643 1866 prostituenda

603 1880 863 1971 adductastnt,
874 1881 955 1978 quis
966 1904 1110 1954 narrare
1127 1878 1305 1954 sufficiat?
1315 1882 1426 1956 Plena
1442 1895 1517 1954 erat
1533 1873 1644 1974 deipsis

603 1997 730 2072 civitas
747 1997 968 2088 Parisiensis,
980 1995 1087 2097 plena
1102 1997 1382 2096 circumquaque
1394 1995 1547 2099 oppida,
1558 1991 1642 2092 plena

604 2112 812 2186 militarium
836 2127 973 2205 esua,
998 2113 1048 2186 ita
1074 2127 1114 2186 ut
1136 2137 1208 2186 suae
1222 2113 1434 2188 calamitatis
1461 2126 1497 2187 et
1520 2105 1642 2182 maaria

606 2242 682 2302 tota
697 2228 831 2328 ubique
848 2229 947 2327 regio
964 2228 1063 2301 testis
1079 2243 1185 2302 osset.

653 2349 699 2418 Et
712 2343 820 2419 talem
829 2342 977 2444 quidem
990 2345 1133 2444 plagam
1144 2344 1203 2418 illa
1213 2343 1345 2418 nobilis
1356 2358 1392 2418 et
1407 2345 1552 2442 antiqua
1561 2341 1640 2410 Sues

604 2461 751 2534 sionum
764 2460 890 2535 civitas
916 2461 1075 2559 accepit,
1098 2483 1196 2532 anno
1223 2461 1370 2533 Domini
1394 2487 1438 2534 rr.
1456 2482 1549 2534 oenc.
1567 2475 1638 2539 su„

604 2576 663 2651 die
678 2590 886 2651 sanctorum
902 2589 1100 2672 martyrum
1116 2575 1269 2674 Crispini
1282 2589 1318 2649 et
1330 2573 1559 2676 crispiniani,
1573 2586 1639 2664 quc

603 2718 685 2765 rum
701 2716 857 2791 corpora
879 2691 932 2763 ibi
952 2692 991 2763 in
1015 2690 1167 2764 solemni
1192 2691 1377 2784 coeuobio,
1398 2692 1470 2766 sub
1493 2713 1536 2763 eo
1558 2679 1639 2756 titulo

603 2821 810 2881 constructo
838 2821 875 2879 et
898 2810 978 2878 Deo
1003 2805 1143 2896 dicato,
1162 2809 1361 2905 quieseunt.
1388 2811 1499 2908 Cujus
1519 2798 1639 2904 quiden

603 2923 715 3020 plagae
739 2921 944 3021 prodigium
970 2919 1053 2993 satis
1078 2922 1308 2997 manifestum
1341 2949 1407 3024 per
1434 2947 1547 3000 annos
1571 2934 1637 3013 qut·

604 3034 768 3133 draginta
810 3050 908 3109 retro
948 3051 1193 3134 processerat,
1234 3039 1361 3114 eadem
1404 3043 1544 3115 civitate
1580 3045 1638 3102 tum

603 3152 840 3226 maximarum
863 3150 1092 3244 divitiarum,
1122 3151 1347 3230 lasciviarum
1381 3169 1417 3228 et
1451 3154 1551 3229 luxus
1572 3163 1637 3218 eiu·

603 3267 766 3341 berantia
791 3267 982 3361 affluente,
1004 3291 1089 3340 cum
1110 3266 1157 3342 ab
1172 3293 1247 3350 uno
1273 3295 1471 3368 puerorum
1496 3257 1636 3342 civium

603 3383 772 3480 quicum
793 3382 870 3456 aliis
888 3383 960 3457 loci
983 3384 1103 3482 pueris
1130 3407 1151 3456 a
1171 3385 1341 3480 magistro
1363 3386 1580 3468 scholarum,
1594 3392 1637 3442 ⁵⁰·

601 3497 677 3571 latii
697 3513 733 3572 et
756 3499 974 3573 remissionis
997 3500 1126 3597 gratia,
1146 3498 1321 3574 adductus
1346 3501 1392 3574 ad
1417 3522 1560 3602 campos
1582 3489 1637 3561 sut

602 3630 677 3707 rat,
706 3613 828 3686 tabula
858 3614 1023 3712 quaedam
1053 3638 1098 3686 ex
1128 3613 1275 3688 metallo
1306 3617 1427 3691 fuisset
1455 3600 1636 3692 inventaiu

603 3730 717 3802 fundo
744 3729 861 3801 amnis
885 3729 957 3802 illic
983 3728 1223 3821 decurrentis,
1257 3731 1294 3802 in
1321 3756 1395 3830 qua
1414 3729 1563 3830 antiquis
1584 3721 1637 3790 ΒΟ·

603 3867 796 3918 manorum
816 3842 1082 3916 characteribus
1099 3869 1142 3918 ac
1157 3842 1281 3918 litteris
1294 3845 1367 3919 hoe
1389 3847 1570 3922 inventum
1589 3827 1637 3904 sui¹

602 3961 776 4060 scriptum
795 3985 803 4033 ε
828 3989 847 4026 a
866 3961 928 4032 Vte
945 3958 1033 4050 tibi,
1057 3960 1220 4052 Suessio,
1245 3961 1379 4060 peribis
1396 3978 1438 4037 ut
1452 3959 1635 4038 Sodoma.»

602 4074 712 4165 Quod
734 4091 821 4148 tunc
844 4073 992 4173 quidem
1017 4099 1144 4148 omnes
1159 4075 1253 4148 illius
1270 4077 1421 4152 civitatis
1438 4067 1637 4152 deterruittt

602 4190 649 4264 ad
673 4191 852 4291 agendum
873 4190 1120 4289 paenitentiam
1139 4189 1284 4266 induxit
1291 4221 1313 4285 3,
1328 4193 1393 4266 sed
1415 4193 1556 4268 modico
1574 4181 1638 4281 p⁰³¹

603 4323 784 4410 tempore,
802 4308 897 4383 iliius
915 4308 1070 4407 prodigii
1089 4307 1247 4383 obducta
1266 4311 1457 4399 memoria,
1486 4312 1522 4384 in
1535 4305 1636 4378 luxum

611 4441 649 4501 et
672 4428 843 4526 pristinos
869 4450 988 4500 mores
1013 4425 1141 4524 relapsi
1165 4441 1261 4500 sunt.
1290 4431 1361 4500 Nec
1386 4443 1504 4502 tamen
1526 4419 1637 4506 ΜΨ

602 4541 712 4644 digna
725 4568 793 4642 pro
809 4544 917 4620 tantis
935 4543 1137 4620 excessibus
1151 4542 1338 4636 mercede,
1357 4560 1518 4622 auctores
1532 4529 1635 4628 hujus·
