3892 5892
514 876 575 934 220
805 866 1061 943 fflsromanutr
1081 861 1218 925 cenom
1243 866 1293 923 vn

516 997 621 1069 simul
651 996 757 1067 etiam
792 991 839 1065 ad
870 990 1036 1070 eumdem
1070 989 1360 1083 admonendum,
1396 1004 1595 1087 quatenus

519 1114 733 1212 quantocius
749 1137 831 1184 cum
847 1112 1003 1201 caeteris,
1028 1135 1116 1210 quas
1135 1094 1273 1208 cogere
1284 1122 1441 1210 poterat,
1460 1112 1593 1210 copiis

518 1230 606 1302 fines
629 1230 860 1305 Ncrmanniae
884 1241 1037 1327 peteret,
1062 1226 1317 1325 accederetque
1342 1228 1585 1317 Vemoliutn;

518 1370 603 1419 nam
628 1346 761 1419 ostium
792 1368 982 1443 magnum,
1014 1342 1062 1417 ad
1089 1356 1322 1443 conquestam
1349 1328 1589 1423 normanniae

518 1460 840 1562 expellendumque
856 1457 957 1531 deca
973 1459 1116 1557 penitus
1131 1458 1274 1557 Anglos,
1291 1460 1324 1531 ei
1339 1460 1586 1559 apertum-so-

518 1593 593 1671 ret,
612 1603 654 1651 ex
668 1578 725 1671 bis
749 1600 846 1674 quae,
868 1574 1026 1649 secunda
1048 1575 1226 1649 arridente
1248 1576 1411 1667 fortuna,
1435 1576 1509 1673 jam
1526 1574 1582 1653 ab

519 1695 570 1771 eis
583 1717 708 1769 exorsa
722 1705 838 1769 essent
854 1692 1046 1791 undaeque
1062 1693 1326 1794 processissent.

858 1933 1115 2047 carnerunt
1139 1977 1230 2045 xix,

536 2161 682 2233 Quomodo
691 2163 856 2217 Francorum
864 2182 914 2243 rex
926 2164 1035 2221 manarit
1045 2164 1255 2232 Normaunionx,
1265 2176 1291 2219 et
1302 2162 1336 2217 de
1347 2162 1479 2249 Vemoliq
1486 2164 1558 2219 venit

671 2254 813 2322 libanius,
823 2266 850 2308 et
859 2253 966 2309 indeed
975 2254 1146 2319 bocumrerie
1156 2268 1182 2323 et
1194 2253 1423 2341 Pontem-Arche.

570 2434 660 2503 Cum
677 2447 797 2505 autem
813 2456 875 2505 eos
890 2457 953 2505 rex
969 2432 1157 2537 audiisset,
1174 2446 1210 2505 et
1221 2412 1412 2502 consilium
1426 2428 1460 2500 ei
1475 2424 1576 2526 quod

521 2547 588 2646 ipsi
605 2548 833 2622 insinuabant
856 2548 1066 2648 placuisset,
1088 2549 1240 2621 mrrltum
1254 2544 1471 2647 properavit,
1499 2542 1578 2614 col-

520 2660 620 2735 lectis
641 2664 801 2761 undique
820 2664 954 2763 copiis,
982 2689 1047 2764 per
1065 2666 1276 2736 Carnutum¹
1292 2658 1501 2733 Vernolium
1518 2682 1577 2730 ac·
1701 2646 1705 2653 ’

521 2778 669 2870 cedere,
690 2778 865 2852 mandans
881 2778 1035 2851 ducibus
1057 2781 1131 2853 suis
1151 2778 1271 2878 quod,
1292 2778 1368 2851 sine
1385 2774 1574 2863 dilatione,

522 2920 605 2968 cum
631 2894 688 2967 his
717 2918 806 2991 quas
827 2892 1011 2968 habebant
1042 2895 1174 2995 copiis,
1200 2894 1407 2968 Meduntarn
1437 2895 1577 2962 Vemo-

522 3032 679 3107 nemque
693 3010 828 3109 oppida
839 3024 1020 3111 petentes,
1037 3036 1079 3084 ea
1094 3010 1313 3085 obsiderent.
1334 3009 1387 3083 nd
1402 3031 1482 3107 quae
1496 3004 1578 3081 loca

520 3149 603 3196 cum
620 3124 862 3199 admovissent
874 3141 990 3201 castra
1000 3142 1036 3201 et
1049 3129 1262 3222 exercitum,
1281 3128 1376 3200 cives
1387 3126 1574 3216 'loconrm,

521 3240 663 3337 longius
685 3257 792 3342 atque
809 3243 944 3318 diutius
965 3270 1173 3343 guerrarum
1191 3243 1578 3343 calamitatibus'attriti

522 3371 559 3431 et
581 3357 714 3452 allecti,
735 3385 810 3433 non
832 3362 1088 3436 reluctantibus
1111 3364 1246 3460 Anglis,
1270 3365 1332 3463 qui
1355 3386 1393 3435 se
1406 3360 1454 3458 *ad
1471 3362 1578 3462 oppi-

523 3471 653 3545 dorum
676 3473 920 3549 defensionem
942 3477 1118 3550 invalidos
1145 3492 1269 3550 contra
1298 3491 1373 3550 tam
1393 3489 1577 3577 potentem

522 3580 717 3662 exercitum
732 3592 964 3690 reputabant,
986 3590 1213 3692 pactionibus
1230 3590 1475 3665 consimilibus
1490 3592 1588 3683 civi·⁴

522 3703 586 3775 tati
600 3708 818 3797 lexoviensi,
828 3706 1049 3782 deditionem
1064 3709 1236 3782 iecerunt.

569 3822 703 3895 Videas
713 3847 799 3896 vero
812 3850 873 3897 rex
889 3826 1069 3899 adomnia
1082 3825 1149 3897 sibi
1165 3825 1361 3898 secundare
1376 3825 1574 3917 fortunam,

521 3938 644 4036 etjam
662 3940 706 4013 ad
724 3941 977 4040 acquirendam
995 3924 1121 4015 urbem
1140 3942 1461 4039 Rotbnmegensem
1476 3940 1577 4039 (quae

522 4057 632 4129 totius
647 4057 828 4155 Anglicani
841 4057 992 4131 dominii
1005 4057 1107 4133 sedes
1118 4059 1295 4158 praecipua
1311 4072 1347 4130 et
1357 4056 1467 4130 veluti
1483 4058 1578 4153 regia

522 4172 686 4270 quedam
701 4188 775 4246 erat
793 4175 829 4245 in
845 4175 1084 4273 Normannia)
1104 4198 1233 4274 magna
1246 4175 1340 4272 jacta
1357 4198 1433 4246 esse
1448 4170 1577 4245 funda·

524 4304 666 4381 menta,
687 4305 727 4363 ut
751 4290 898 4363 adeam
919 4288 977 4362 vel
1004 4291 1277 4391 expugnandam
1304 4288 1359 4363 vel
1389 4286 1578 4363 obsidione

522 4406 788 4479 coarctandam¹
802 4404 980 4479 efficacius
991 4424 1112 4507 posset
1122 4406 1343 4495 incumbere,
1355 4430 1398 4478 ex
1407 4403 1577 4478 Ver-nolio

563 4601 592 4656 l.
613 4597 639 4655 ll
651 4598 745 4655 riuti
760 4598 894 4659 chartres
907 4600 935 4660 le
948 4601 986 4658 22
1000 4602 1079 4662 aaut.
1093 4600 1203 4663 Robert
1216 4598 1353 4673 ntandei,
1371 4602 1392 4663 1.
1408 4584 1456 4680 u,
1471 4604 1518 4663 ch.
1532 4620 1574 4661 xx.
