3892 5892
709 901 818 959 eman
837 900 1018 973 Qumrus.
1337 896 1394 953 aar

347 1046 417 1122 que
432 1025 494 1122 qui
510 1049 637 1123 prope,
652 1024 699 1097 ad
714 1048 773 1096 eas
786 1024 964 1114 tutandas,
976 1022 1176 1095 adstabant.
1189 1021 1295 1109 Quod
1312 1044 1395 1091 cum

346 1138 410 1211 alae
440 1145 657 1213 Francorum
681 1141 841 1238 equitum
866 1140 1146 1239 prospexissent,
1173 1136 1395 1209 velocissimo

346 1278 451 1327 cursu
463 1254 691 1341 advolantes,
707 1278 833 1326 omnes
848 1258 945 1352 ipsos
957 1252 1120 1350 Anglicos
1129 1264 1396 1350 prostraverunt

347 1382 382 1440 et
395 1369 657 1465 jugulaverunt.
677 1372 758 1458 Quo
773 1368 928 1439 exterriti
941 1366 1169 1439 vehementer
1182 1366 1318 1459 careri,
1334 1365 1397 1462 qui

346 1482 524 1576 incastris
544 1478 764 1573 manserant,
785 1497 820 1554 et
836 1482 1043 1579 hujusmodi
1060 1486 1278 1553 Francorum
1298 1480 1397 1578 equi-

347 1609 424 1669 tum
441 1600 828 1696 metuentesimpetum
845 1598 960 1694 (erant
979 1598 1073 1668 enirn
1092 1595 1156 1696 ipsi
1178 1596 1312 1691 Anglici
1326 1619 1399 1667 ma·
1516 1626 1521 1639 ⁴

343 1712 414 1808 jori
431 1737 474 1785 ex
491 1729 591 1814 parte
604 1714 819 1814 pedestres),
838 1737 915 1785 sese
937 1713 982 1784 de
1006 1713 1128 1785 castris
1147 1709 1328 1811 prioribus
1351 1711 1398 1784 ad

347 1832 538 1927 quemdam
554 1833 758 1930 proximum
774 1830 912 1920 locum,
934 1853 1043 1926 quem
1060 1828 1126 1915 sibi
1148 1830 1315 1901 tutiorem
1332 1853 1399 1928 pu·

347 1945 488 2037 tabant,
507 1945 554 2019 ad
574 1946 761 2020 vitandum
780 1947 954 2044 impetum
973 1948 1192 2016 Francorum
1215 1945 1395 2041 equitum,

346 2090 385 2139 se
401 2082 633 2140 retraxerunt.
654 2067 762 2157 Quod
778 2066 902 2139 Franci
914 2064 1161 2163 inspicientes,
1177 2080 1212 2138 et
1227 2090 1269 2139 ex
1283 2066 1398 2164 prima

347 2181 496 2255 victoria
525 2182 705 2281 sequentis
737 2182 893 2282 auspicia
920 2180 1034 2254 lelicia
1057 2195 1294 2273 assumentes,
1322 2207 1397 2255 non

347 2296 441 2391 passi
465 2296 612 2369 eosdem
630 2299 770 2370 animos
792 2298 954 2393 viresque
975 2318 1175 2383 resumere,
1202 2294 1277 2365 sine
1298 2320 1399 2369 mora

346 2434 409 2481 cos
424 2413 575 2508 aggressi
588 2428 683 2485 sunt.
701 2417 812 2484 Porro
824 2436 908 2484 cum
916 2409 1130 2482 defendendi
1143 2408 1399 2507 resistendique

346 2529 489 2599 Francis
511 2529 578 2627 ipsi
603 2527 703 2627 Angli
727 2530 826 2625 sigua
850 2526 1132 2624 nonnullamque
1156 2526 1398 2624 apparentiam

347 2640 532 2739 paululum
550 2643 695 2737 darent,
713 2656 860 2742 repente
884 2656 1003 2715 tamen
1030 2655 1111 2741 post
1136 2664 1395 2737 aggressuram,

346 2780 472 2829 eorum
495 2761 569 2830 vim
594 2772 701 2856 atque
721 2760 901 2858 ,impetum
923 2758 1072 2831 minime
1097 2755 1188 2829 serre
1216 2756 1395 2849 valentes,

346 2885 442 2969 terga
456 2874 619 2948 hostibus
634 2874 839 2949 dederunt¹.

393 2987 463 3063 Sed
486 2992 580 3063 etin
604 2992 793 3091 procinctu
815 2988 899 3062 belli
921 2989 1026 3063 valde
1051 2988 1220 3062 exterruit
1243 2987 1395 3085 Anglos,

346 3105 468 3201 eisque
482 3106 620 3177 animos
629 3131 775 3205 prorsus
786 3104 951 3195 abstulit,
968 3105 1017 3175 ita
1034 3118 1073 3177 ut
1089 3098 1162 3175 nori
1182 3104 1249 3176 nisi
1262 3104 1298 3175 in
1317 3105 1397 3201 luga

346 3244 446 3318 spem
471 3218 538 3291 sibi
566 3219 727 3292 relictam
749 3219 1026 3309 arbitrarentur,
1056 3218 1231 3291 adventus
1258 3221 1394 3312 Arturi‚

346 3334 485 3406 comitis
496 3333 777 3425 Riclremundiae,
795 3332 1047 3406 constabularii
1057 3334 1209 3406 Franciae
1221 3360 1231 3423 ;
1245 3334 1306 3428 qui
1316 3348 1397 3432 post

346 3463 501 3521 mortem
516 3448 706 3521 amborum
725 3450 871 3523 lratrum
885 3448 962 3519 sine
978 3445 1119 3536 liberis,
1138 3447 1312 3519 Francisci
1329 3450 1398 3521 sci-

346 3563 427 3637 licet
442 3579 479 3637 et
498 3566 609 3656 Petri,
628 3581 663 3639 et
682 3567 757 3665 ipse
773 3564 1005 3666 postmodum
1024 3563 1095 3636 dur
1113 3564 1295 3635 Britonum
1316 3564 1395 3636 luit.

346 3683 557 3781 Supervenit
569 3682 666 3755 enim
682 3683 769 3755 dum
782 3683 856 3781 iam
868 3681 1032 3781 proelium
1047 3681 1253 3755 inchoatum
1270 3696 1305 3753 et
1322 3706 1397 3755 rna·

347 3816 416 3891 gna
426 3821 469 3869 ex
480 3810 580 3897 parte
591 3797 956 3893 conlectumesset,ex
967 3794 1394 3893 partibusSancti·Laudi‚

347 3910 487 3983 circiter
511 3936 595 3984 cum
619 3915 787 3986 trecentis
810 3913 953 3984 lanceis.
988 3910 1096 4007 Cujus
1126 3909 1320 3983 adventum
1346 3911 1407 3983 in·.

348 4037 485 4097 tuentes
510 4026 666 4129 Anglici,
693 4030 841 4099 omnino
860 4026 1076 4099 consternati
1102 4038 1185 4097 sunt
1207 4026 1398 4125 animoque
1450 4018 1454 4025 ’

348 4138 488 4213 desecti.
509 4144 612 4217 Unde
632 4170 676 4216 ex
693 4146 800 4245 ipsis,
818 4145 880 4242 qui
904 4142 986 4235 luga
1006 4140 1099 4213 elabi
1115 4155 1333 4240 potuerunt,
1360 4156 1398 4213 ut

347 4256 530 4331 Matthaeus
545 4264 636 4354 Ου’,
654 4262 859 4362 capitaneus
875 4273 961 4331 tunc
984 4257 1139 4345 Baiocis,
1169 4268 1203 4327 et
1230 4254 1398 4327 dominus

388 4554 417 4613 l.
439 4554 480 4612 lb
492 4550 566 4612 avril
580 4553 669 4613 1650.

387 4646 418 4703 2.
441 4642 552 4724 Appele
566 4641 638 4702 dans
650 4642 692 4702 lea
705 4642 785 4703 titres
797 4638 909 4723 anglais
920 4640 1017 4703 llatlte
1030 4638 1143 4723 Gogbe.
