3892 5892
533 922 571 978 68
820 852 1075 979 mltotttatttttt
1088 924 1231 982 'canon
1250 922 1303 980 vn

534 1043 738 1139 caterisque
762 1044 967 1115 necessariis
1001 1066 1079 1142 quae
1102 1067 1168 1115 suo
1200 1040 1432 1115 convenirent
1460 1041 1588 1124 statui,

533 1182 613 1231 eam
629 1183 672 1234 ex
688 1156 770 1230 loco
794 1160 941 1255 originis
953 1158 1124 1257 praedicto
1140 1158 1187 1230 ad
1203 1157 1373 1230 Carolum
1388 1180 1508 1255 regern
1523 1160 1589 1227 Tu·

533 1298 665 1346 renum
682 1298 796 1372 usque
811 1273 1009 1372 perduxit¹.
1074 1332 1077 1336 .
1342 1355 1353 1371 b

583 1391 673 1479 Ubi,
694 1416 778 1464 cum
793 1414 956 1490 regema
983 1416 1021 1462 se
1048 1391 1239 1464 salutatum
1265 1390 1310 1461 de
1332 1387 1517 1461 adventus
1536 1391 1591 1460 sui

533 1531 640 1581 causa
653 1523 689 1581 et
708 1506 810 1579 dictae
833 1506 961 1579 Puellae
981 1506 1200 1580 adductione
1214 1507 1405 1580 certiorem
1429 1504 1588 1594 fecisset,

534 1650 594 1698 rex
622 1620 845 1722 aliquantum
875 1622 1047 1695 sollicitus
1078 1648 1186 1723 super
1217 1624 1311 1696 diota
1348 1623 1401 1695 rei
1435 1622 1592 1693 novitate

534 1742 666 1829 sactus,
689 1739 817 1811 Puellae
840 1737 1102 1837 simplicitatem
1127 1752 1235 1836 atque
1255 1738 1487 1811 rusticitatem
1511 1761 1592 1836 per·

533 1856 715 1955 pendeus,
734 1854 781 1927 ad
799 1844 1081 1952 colloquendum
1096 1879 1219 1927 secum
1234 1878 1314 1955 eam
1331 1854 1519 1926 admittere
1536 1877 1593 1925 re·

533 1972 682 2044 cusavit.
699 1971 769 2045 Sed
782 1971 829 2045 ad
842 1995 921 2045 eam
935 1971 1130 2044 nonnullos
1141 1971 1187 2043 de
1199 1972 1349 2054 consilio
1365 1995 1407 2042 ac
1419 1970 1593 2042 comitatu

534 2113 601 2160 suo
623 2088 735 2174 misit,
754 2088 816 2185 qui
832 2112 874 2161 ea
892 2111 969 2188 quae
983 2088 1052 2160 sibi
1069 2087 1188 2160 dicere
1207 2112 1250 2159 ac
1268 2085 1424 2159 revelare
1438 2084 1543 2157 vellet
1558 2101 1593 2157 et

532 2228 612 2304 quae
635 2204 812 2277 missionis
832 2230 904 2277 suae
921 2205 1021 2301 signa
1036 2205 1260 2292 ostenderet,
1280 2204 1417 2276 cautius
1437 2217 1473 2275 et
1495 2194 1593 2274 calli·

534 2320 615 2392 dius
631 2319 680 2393 ab
698 2344 741 2393 ea
757 2320 978 2421 explorando
997 2320 1119 2394 omnia
1133 2332 1466 2419 percunctarentur.
1487 2320 1592 2416 Atqui

534 2451 740 2509 constanter
757 2436 926 2509 omnibus
948 2436 1025 2535 ipsa
1047 2434 1231 2534 respondit
1256 2460 1295 2508 se
1312 2434 1445 2506 habere
1471 2432 1595 2507 divina

526 2553 689 2651 jussione
711 2567 845 2626 secreta
865 2552 1029 2651 quaedam
1049 2545 1123 2648 regi
1139 2551 1321 2650 paudere,
1345 2572 1424 2647 quae
1441 2549 1507 2622 sibi
1529 2551 1594 2621 soli

533 2669 694 2768 nullique
714 2670 814 2743 alteri
831 2669 1030 2768 patefacere
1048 2682 1185 2767 posset3
1211 2668 1389 2739 missionis
1411 2692 1499 2739 vero
1523 2692 1595 2739 suae

533 2786 618 2858 talia
633 2786 731 2881 signa
750 2786 987 2872 ostensuram,
1002 2784 1038 2855 'si
1052 2782 1099 2854 ad
1115 2781 1337 2880 colloquium
1352 2808 1457 2856 suum
1474 2808 1512 2856 se
1532 2809 1595 2856 rex

533 2898 727 2989 admiserit,
746 2898 846 2998 quod
863 2897 909 2970 de
925 2897 1141 2969 revelatione
1157 2897 1226 2969 sibi
1241 2922 1264 2970 a
1279 2903 1357 2970 Deo
1373 2898 1465 2971 sacta
1480 2898 1594 2972 nulla·

534 3027 638 3087 tenus
654 3016 692 3086 in
713 3015 859 3113 ancipiti
883 3036 1029 3086 manere
1049 3028 1182 3113 posset.
1202 3014 1273 3087 Sed
1289 3014 1345 3088 his
1362 3016 1596 3090 nibilominus

533 3130 582 3203 ita
604 3130 650 3203 ab
677 3118 718 3217 ea
743 3130 903 3218 assertis,
933 3153 996 3202 rex
1022 3154 1087 3230 per
1109 3128 1301 3204 decursum
1327 3133 1466 3206 circiter
1486 3135 1594 3206 trium

535 3248 714 3323 mensium
732 3272 811 3321 eam
827 3246 952 3321 audire
967 3246 1205 3321 detrectavit¹.
1223 3252 1305 3337 Quo
1324 3249 1505 3323 defluente
1520 3276 1597 3350 spa·

512 3350 612 3458 tio,
640 3364 805 3439 obsessos
834 3366 1104 3439 Aurelianenses
1134 3365 1213 3438 dira
1241 3366 1350 3438 fames
1379 3380 1414 3438 et
1438 3366 1596 3467 plurium

533 3479 703 3553 humanis
729 3480 853 3554 usibus
881 3480 1162 3553 necessariarum
1186 3506 1309 3553 rerum
1332 3484 1482 3580 penuria
1508 3508 1597 3555 con·

535 3598 769 3696 stringebant.
782 3602 957 3696 lpsavero
967 3601 1105 3686 Joanna
1117 3598 1255 3694 regium
1265 3598 1467 3691 consilium,
1484 3599 1595 3672 modo

535 3712 661 3808 istum,
677 3712 787 3787 modo
806 3711 907 3783 illum
925 3736 966 3782 ex
985 3712 1203 3808 primoribus
1218 3737 1300 3810 erga
1315 3738 1434 3811 regern
1445 3715 1596 3787 assiduis

535 3825 879 3929 interpellationibus
901 3826 1084 3925 fatigabat,
1107 3828 1288 3901 affirmans
1312 3843 1596 3932 perseueranter²

537 3966 576 4015 se
598 3942 627 4013 si
652 3965 713 4014 rex
733 3940 857 4014 audire
880 3940 987 4014 vellet
1009 3956 1046 4013 et
1066 3933 1157 4039 quae¹
1170 3942 1238 4015 sibi
1258 3944 1427 4018 divinitus
1446 3945 1596 4019 manda·

536 4055 668 4129 bantur
677 4056 885 4157 adimplere,
900 4058 1032 4131 auxilia
1045 4058 1113 4131 sibi
1123 4057 1346 4157 obsessisque
1357 4086 1399 4134 ac
1408 4065 1472 4134 toti
1484 4081 1595 4162 regno

537 4188 772 4272 proventura;
805 4175 861 4246 sin
884 4198 970 4247 vero
995 4175 1031 4247 in
1056 4199 1120 4249 sua
1143 4176 1354 4275 persistisset
1375 4180 1593 4278 pertinacia,

547 4378 550 4385 ’
580 4375 609 4432 l.
632 4375 672 4433 Ce
684 4376 758 4433 n’est
773 4391 824 4453 pas
838 4370 946 4431 liobert
960 4369 997 4430 de
1010 4370 1200 4432 Baudricourt
1216 4360 1371 4435 lui-'meme
1389 4378 1440 4454 qui
1458 4374 1594 4453 l‘amena,

538 4460 676 4521 maiades
690 4480 846 4542 personucs
863 4460 900 4521 de
918 4458 1017 4520 bonne
1034 4460 1152 4522 volonte
1166 4462 1285 4543 agreees
1301 4483 1354 4545 par
1366 4464 1426 4540 lui,
1450 4479 1479 4527 et
1500 4468 1528 4527 le
1550 4468 1594 4528 roi

538 4551 623 4623 erait,
637 4569 696 4609 non
711 4570 762 4631 pas
775 4558 792 4610 a
805 4556 914 4624 Toum,
929 4549 1001 4609 mais
1015 4548 1169 4612 aChinon.

579 4644 607 4701 2.
631 4644 749 4712 Erreur,
764 4641 791 4700 le
802 4641 847 4701 roi
859 4640 970 4700 l’admit
982 4642 999 4699 a
1013 4660 1071 4700 une
1082 4654 1223 4703 entierue
1235 4641 1288 4702 des
1296 4642 1403 4722 qu'elle
1413 4644 1457 4704 fut
1468 4644 1593 4706 arrirde.
