3892 5892
528 890 584 945 sot
817 887 1073 944 msrottlaltttn
1093 888 1230 944 cauom
1250 890 1302 945 Vll

526 1009 724 1112 praevidens
744 1008 870 1106 quod,
889 1010 918 1080 si
941 1010 989 1082 ita
1009 1024 1171 1108 pergeret
1192 1009 1327 1102 lacere,
1351 1035 1495 1084 necesse
1523 1013 1590 1087 ha-

525 1125 653 1198 berent
674 1124 808 1196 subditi
827 1125 899 1213 sui,
923 1149 1016 1220 quos
1031 1125 1066 1195 in
1085 1126 1274 1221 tranquilla
1289 1125 1453 1199 libertate
1466 1153 1589 1226 regere

526 1257 563 1314 et
582 1265 795 1314 conservare
816 1240 942 1312 solitus
963 1255 1056 1330 erat,
1077 1256 1112 1312 et
1134 1241 1250 1314 facere
1273 1242 1462 1340 cupiebat,
1481 1247 1588 1318 simul

526 1357 601 1429 duo
627 1356 686 1428 illa
711 1357 873 1456 pessimae
892 1355 1070 1447 servitutis
1095 1381 1227 1452 onera,
1253 1357 1429 1430 tributum
1456 1360 1588 1432 scilicet

526 1489 562 1546 et
575 1471 737 1543 militiam
754 1470 925 1560 tolerare;
941 1468 1131 1542 attendens
1145 1473 1250 1543 etiam
1267 1473 1450 1568 prolecto,
1467 1475 1581 1572 quod,

526 1588 556 1658 si
576 1612 689 1684 prope
708 1585 868 1657 militiam
894 1584 989 1682 regis
1014 1610 1115 1658 suam
1131 1588 1169 1657 in
1190 1587 1359 1685 praesidiis
1376 1588 1582 1682 collocaret,

526 1703 669 1775 dillicile
695 1716 786 1774 esset
805 1701 892 1798 quin
915 1701 1085 1799 utrinque
1106 1701 1220 1774 caedes
1243 1717 1351 1800 atque
1367 1704 1587 1776 incursiones

527 1818 653 1889 fierent
670 1845 678 1887 ε
697 1816 829 1912 quibus
851 1815 1080 1887 irritamentis
1105 1814 1240 1888 bellum
1251 1818 1380 1915 „quod
1397 1820 1505 1891 vitare
1523 1843 1587 1890 cu-

526 1932 667 2031 piebat,
685 1931 921 2002 verisimiliter
941 1946 1063 2029 posset
1082 1930 1230 2004 oboriri.
1253 1932 1378 2022 Unde,
1397 1935 1479 2006 licet
1493 1959 1586 2032 saepe

526 2050 563 2119 in
579 2049 680 2120 curia
700 2049 791 2144 regis
807 2047 946 2139 Caroli,
969 2054 1189 2120 Francorum
1206 2051 1320 2144 regis,
1339 2063 1374 2120 ct
1390 2075 1455 2148 per
1470 2064 1586 2121 totum

525 2189 692 2262 reguum,
720 2177 756 2233 et
784 2164 968 2261 potissime
1003 2163 1164 2261 quolibet
1190 2188 1288 2236 anno
1322 2164 1417 2236 circa
1445 2165 1585 2236 initium

525 2282 636 2371 veris,
654 2303 804 2377 magnus
819 2279 1031 2351 excitaretur
1050 2304 1177 2351 rumor
1196 2279 1296 2378 quod
1318 2305 1442 2376 guerra
1461 2297 1586 2353 contra

528 2394 799 2492 Burgundiones
827 2393 1033 2465 inchoanda
1063 2407 1181 2483 esset,
1209 2393 1323 2465 nihilo
1351 2409 1469 2466 tamen
1500 2395 1588 2468 inde

526 2532 712 2608 permotus
739 2508 1036 2606 Burgundionum
1065 2508 1162 2599 dux,
1193 2531 1345 2607 parcens
1374 2508 1522 2582 subditis
1550 2527 1588 2584 et

529 2627 629 2698 terris
647 2627 737 2715 suis,
759 2650 946 2722 nunquam
962 2625 1158 2696 exercitum
1180 2625 1409 2720 congregavit
1424 2625 1479 2698 vel
1496 2651 1587 2698 cou-

527 2741 715 2813 ductitium
733 2734 881 2810 militem
895 2737 941 2810 ad
958 2737 1136 2836 stipendia
1149 2750 1270 2809 tenere
1287 2739 1420 2810 voluit:
1439 2755 1589 2812 conteu-

432 2839 437 2846 ’
529 2875 583 2932 tus
598 2856 850 2929 tantummodo
872 2856 1031 2927 edictum
1049 2880 1113 2954 per
1136 2871 1246 2929 terras
1261 2881 1342 2928 suas
1359 2882 1584 2956 proponere,

527 2976 626 3072 quod
644 2997 769 3046 omnes
786 2969 926 3043 vassalli
942 2971 1019 3060 sui,
1042 2972 1156 3068 etqui
1173 2974 1301 3064 armis,
1329 2974 1475 3071 quando
1493 2999 1587 3072 opus

526 3103 638 3182 esset,
658 3089 790 3160 servire
814 3103 1098 3179 consueverant,
1128 3113 1165 3160 se
1184 3105 1401 3188 praeparatos
1419 3092 1455 3162 in
1479 3092 1587 3162 armis

526 3221 561 3280 et
577 3207 677 3304 equis
690 3205 847 3278 facerent
862 3229 903 3278 ac
920 3218 1094 3276 tenerent.
1117 3205 1226 3294 Quod
1238 3203 1301 3277 ubi
1318 3231 1382 3304 per
1399 3207 1515 3304 ipsum
1529 3231 1587 3278 se-

526 3324 595 3395 mel
625 3325 662 3394 in
688 3347 786 3396 anno
814 3320 892 3394 fieri
916 3322 1177 3411 consuevisset,
1204 3322 1308 3418 quasi
1333 3347 1377 3394 eo
1402 3319 1587 3394 frendente

526 3439 692 3512 dentibus
707 3440 743 3509 in
762 3438 906 3524 hostes,
925 3437 1095 3508 excitatos
1120 3437 1166 3508 de
1190 3436 1380 3508 inserendo
1404 3436 1471 3508 sibi
1489 3435 1584 3508 bello

526 3580 689 3627 rumores
705 3555 845 3625 silentio
861 3552 1035 3650 supprimi
1053 3567 1089 3623 et
1113 3550 1308 3624 oblitterari
1329 3567 1436 3650 atque
1457 3551 1585 3624 obmu-

526 3685 661 3742 tescere
678 3667 841 3740 faciebat.

573 3792 698 3858 Fertur
714 3799 834 3856 autem
855 3809 874 3855 a
898 3783 1061 3882 plurimis
1083 3782 1182 3880 quod
1206 3783 1235 3853 si
1261 3782 1411 3882 hospitis
1431 3783 1486 3854 sui
1508 3781 1586 3854 Del·

525 3901 627 4000 phini
644 3899 820 3972 obaudire
842 3898 1026 3969 desideriis
1048 3898 1236 3980 voluisset,
1255 3898 1354 3995 quod
1371 3923 1446 3970 non
1474 3896 1585 3970 modo

525 4017 599 4115 regi
630 4015 767 4086 bellum
798 4012 996 4101 intulisset,
1026 4035 1149 4101 rerum
1177 4013 1284 4084 etiam
1310 4012 1519 4085 Edoardum
1550 4026 1585 4083 et

525 4131 656 4228 Anglos
682 4129 729 4201 ad
753 4128 849 4200 idem
875 4125 1110 4216 concitasset}
1129 4125 1192 4198 sed
1216 4152 1284 4199 nec
1308 4127 1346 4200 id
1369 4129 1499 4218 lacere,
1518 4149 1587 4198 nec

524 4247 585 4318 tali
597 4244 749 4342 juvenili
769 4242 940 4340 Delphini
956 4241 1137 4314 desiderio
1155 4240 1483 4341 obtemperandum
1508 4264 1584 4314 esse

524 4361 684 4458 putarit,
712 4383 787 4430 non
816 4359 1009 4428 immemor
1034 4353 1175 4428 foederis
1196 4355 1294 4452 quod
1321 4355 1477 4428 Atrebati
1501 4379 1584 4426 cum

524 4475 654 4547 eodem
668 4499 749 4571 rege
762 4472 1013 4572 percussisset,
1029 4497 1096 4544 uec
1109 4487 1261 4570 quantas
1275 4474 1347 4544 suis
1359 4473 1461 4544 terris
1474 4473 1587 4568 regui·

525 4615 596 4687 que
613 4589 742 4660 accolis
764 4589 981 4662 calamitates
1003 4602 1038 4658 et
1056 4587 1266 4660 alllictiooes
1284 4588 1448 4692 priorum
1475 4585 1586 4660 bello-
