3892 5892
512 918 550 975 'to
617 930 621 941 ¹
799 906 1056 979 ffl'srottttttuu
1074 916 1212 975 canon
1231 918 1285 974 vlt

512 1064 583 1139 que
608 1054 644 1112 et
665 1040 806 1125 indiciis
828 1041 874 1114 de
894 1038 1146 1113 occultissimis
1171 1039 1295 1133 rebus,
1319 1066 1408 1139 quas
1434 1044 1477 1115 in
1499 1068 1574 1117 suae

512 1156 757 1230 testimonium
774 1156 950 1228 missionis
967 1180 1009 1228 ac
1027 1154 1155 1252 divinae
1169 1158 1416 1255 praeceptionis
1432 1157 1500 1230 sibi
1511 1158 1577 1231 de·-
1645 1218 1653 1239 .

512 1272 610 1365 texit,
631 1273 668 1343 iu
681 1272 894 1345 nonnullam
905 1264 1084 1344 dictorum
1099 1270 1207 1345 fidem
1227 1286 1279 1346 est
1290 1256 1479 1347 adductus.
1494 1279 1573 1347 Fer-

511 1403 570 1459 tur
601 1388 698 1461 enim
734 1386 863 1459 dixisse
895 1411 956 1457 rex
988 1385 1102 1483 (quod
1127 1400 1164 1459 et
1195 1387 1410 1486 apraedicto
1440 1388 1572 1461 comite

511 1504 691 1596 Dunensi,
711 1503 774 1601 qui
794 1502 862 1574 sibi
877 1485 1169 1574 familiarissimus
1189 1515 1277 1595 erat,
1296 1503 1474 1577 audivisse
1495 1530 1572 1578 me·

511 1619 720 1715 minimus),
746 1643 826 1689 eam
849 1616 917 1700 sibi
941 1632 1013 1690 tam
1040 1631 1176 1691 secreta
1208 1633 1315 1716 atque
1337 1614 1495 1712 occulta,
1524 1621 1572 1693 ad

511 1733 690 1809 dictorum
715 1728 843 1823 iidem,
872 1734 1080 1827 adduxisse,
1110 1761 1189 1833 quae
1215 1736 1336 1809 nullus
1365 1737 1572 1811 mortalium

510 1865 638 1949 praeter
668 1850 847 1949 seipsum,
881 1850 949 1933 nisi
984 1849 1154 1922 divinitus
1183 1850 1307 1925 habita
1331 1852 1568 1945 revelatione,

509 1964 598 2038 scire
623 1964 809 2063 potuisset.
831 1967 1023 2038 assensum
1046 1966 1166 2063 itaque
1192 1966 1385 2039 admonitis
1405 1992 1469 2067 per
1492 1992 1572 2041 eam

510 2096 691 2181 prestans,
711 2081 872 2179 undique
886 2082 1002 2181 copiis
1017 2108 1089 2154 suae
1104 2082 1235 2157 mitittae
1251 2081 1433 2183 [collectis]
1446 2139 1456 2175 ,
1474 2110 1567 2175 eam,

511 2213 682 2296 tanquam
699 2197 869 2270 divinitus
885 2199 1082 2272 ductricem
1099 2201 1155 2272 sui
1173 2201 1346 2273 exercitus
1359 2200 1496 2291 datam,
1519 2203 1570 2275 ii·

510 2314 567 2386 rili
586 2328 681 2385 veste
694 2338 847 2413 corpore
860 2329 896 2387 et
911 2316 1028 2415 capite
1047 2341 1111 2415 per
1123 2318 1247 2389 omnia
1260 2319 1445 2409 amictam,
1462 2319 1571 2391 armis

512 2430 684 2527 equisque
701 2431 890 2523 munitam,
912 2454 998 2502 cum
1016 2430 1093 2502 aliis
1110 2455 1181 2503 suae
1195 2431 1328 2503 militias
1343 2431 1509 2521 ducibus,
1525 2432 1573 2505 ad

511 2546 768 2646 expugnandos
787 2544 925 2634 hostes,
948 2546 1011 2643 qui
1027 2545 1135 2643 longa
1152 2546 1226 2642 jam
1244 2561 1278 2618 et
1295 2546 1450 2645 plurium
1470 2572 1572 2620 men·

510 2662 604 2735 sium
626 2660 814 2735 obsidione
831 2660 963 2732 dictam
982 2661 1271 2743 Aurelianensem
1292 2661 1420 2735 urbem
1437 2688 1574 2763 preme·

511 2774 599 2850 bant
608 2831 618 2868 ,
638 2771 851 2849 destinabat.
865 2780 953 2865 Quae
965 2776 1128 2875 prolecto
1140 2801 1216 2848 non
1231 2779 1281 2848 uti
1297 2778 1343 2850 de
1356 2780 1450 2853 illius
1465 2782 1576 2853 aetatis

496 2892 630 2991 ¹puella
652 2916 714 2963 seu
741 2891 951 2965 muliercula
966 2892 1168 2992 potuissent
1190 2894 1371 2989 estimari,
1391 2898 1454 2969 scd
1474 2922 1576 2970 more

511 3010 673 3081 virorum
688 3010 831 3081 fortium
844 3024 951 3108 atque
968 3011 1005 3081 in
1024 3011 1132 3083 armis
1145 3013 1419 3085 exercitatorum
1430 3014 1576 3114 adequi-

513 3126 610 3201 tabat
622 3142 770 3220 armata,
785 3112 912 3201 vexillo
925 3129 1089 3229 proprio,
1108 3146 1280 3230 tanquam
1298 3133 1439 3206 militari
1456 3134 1572 3231 signo,

512 3242 747 3342 precedente,
765 3247 801 3317 in
818 3270 892 3347 quo
913 3239 1086 3346 imagines
1102 3248 1264 3347 gloriosae
1276 3250 1422 3345 virginis
1436 3250 1503 3321 Dei
1516 3274 1575 3346 ge·

513 3362 648 3435 nitricis
664 3379 700 3435 et
716 3362 919 3464 aliquarum
937 3390 979 3439 ex
997 3364 1100 3438 dictis
1115 3367 1247 3439 sanctis
1262 3363 1459 3461 virginibus
1475 3380 1576 3438 erant

514 3480 676 3581 depictae.

874 3723 1132 3794 CAPITULUM
1156 3726 1217 3793 Xl.

513 3902 660 3971 Quomodo
677 3906 726 3959 sub
744 3902 843 3959 ducatu
854 3904 966 3958 loannes
983 3904 1080 3959 Puella
1094 3917 1179 3959 eastra
1188 3906 1335 3979 Anglorum
1348 3906 1419 3961 circa
1430 3909 1578 3963 mamni·

688 3994 796 4049 fixerunt
806 4006 971 4065 expugnata,
984 4006 1010 4048 et
1019 3995 1079 4048 cesi
1090 3995 1225 4067 fugatique
1234 3994 1298 4049 inde
1307 3997 1395 4068 Angli.

564 4170 692 4240 Hostes
709 4164 819 4263 igitur
834 4166 897 4265 qui
913 4165 951 4238 in
969 4165 1093 4239 castris
1114 4158 1272 4259 stabant,
1291 4192 1370 4266 quae
1386 4168 1578 4261 relutmu·

513 4283 705 4357 nitissimas
730 4308 830 4357 arces
851 4283 898 4357 ad
924 4307 1115 4357 numerum
1143 4308 1258 4383 usque
1278 4310 1339 4358 sex
1360 4298 1422 4359 aut
1441 4298 1577 4384 septem

512 4400 648 4472 circum
672 4399 801 4473 urbem
823 4414 1045 4493 struxerant,
1071 4400 1214 4499 aggredi
1235 4401 1381 4495 statuit,
1408 4400 1577 4501 urbisque

512 4513 744 4608 habitatores,
757 4515 867 4615 longo
875 4518 949 4616 jam
963 4520 1061 4591 velut
1072 4541 1213 4591 carcere
1226 4532 1423 4591 asservatos
1436 4532 1472 4591 et
1484 4520 1577 4590 lame

512 4646 620 4731 atque
636 4632 754 4709 inedia
764 4634 958 4727 conlectos,
975 4634 1211 4710 incommodo
1227 4634 1428 4710 obsidionis
1438 4636 1577 4709 solvere
