3892 5892
501 894 540 953 98
788 884 1048 945 fflsrottttntnt
1068 875 1204 943 canon
1223 888 1276 945 v11

502 1016 581 1089 simi
606 1011 747 1086 foederis
771 1008 872 1109 quod
899 1030 983 1081 curn
1007 1031 1089 1105 rega
1113 1008 1309 1105 angiorum
1336 1010 1562 1109 possederat,

503 1132 651 1206 minime
668 1142 804 1228 posset,
825 1126 893 1199 nisi
915 1127 1025 1198 ctiam
1047 1148 1092 1197 eo
1109 1136 1281 1197 contento
1297 1138 1335 1196 et
1349 1138 1496 1225 pacato,
1516 1126 1565 1199 ad

503 1248 618 1324 foedus
634 1267 718 1319 cum
733 1268 816 1341 rege
831 1248 1051 1314 Francorum
1069 1240 1269 1313 ineundum
1285 1242 1566 1341 perficiendum-

503 1388 575 1464 que
596 1361 806 1463 pervenire,
826 1357 984 1430 studium
1010 1378 1182 1452 magnum
1200 1370 1237 1428 et
1252 1372 1425 1429 conatum
1445 1359 1565 1429 omni·

504 1480 614 1555 modo
627 1476 781 1551 intendit
793 1488 851 1567 ut,
869 1496 944 1545 non
961 1470 1075 1543 modo
1095 1473 1325 1569 interregem
1344 1477 1565 1545 Francorum

503 1612 539 1669 et
554 1620 612 1685 se,
625 1591 808 1666 sedetiam
824 1591 917 1660 inter
930 1586 1058 1660 ambos
1072 1612 1174 1684 reges
1188 1612 1231 1660 ac
1244 1608 1366 1687 regna,
1378 1589 1564 1662 destructo

504 1737 546 1787 ac
562 1710 683 1783 diruto
699 1708 901 1779 inveteratae
919 1705 1112 1776 inimicitiae
1131 1706 1284 1803 pariete,
1304 1730 1373 1805 pax
1393 1706 1564 1779 concilia·

504 1842 620 1917 retur;
634 1846 708 1921 quo
725 1820 846 1893 medio
861 1819 968 1892 etiarn
982 1843 1048 1891 sua
1066 1820 1268 1894 firmaretur
1280 1836 1317 1893 et
1332 1820 1560 1894 stabiliretur.

506 1941 608 2015 Unde
618 1937 775 2039 plurium
784 1934 955 2008 decursus
963 1933 1149 2007 dierumin
1159 1936 1565 2032 hujusmodiconamine

504 2059 653 2133 detritus
677 2068 748 2147 est,
766 2053 884 2150 anglis
905 2067 958 2125 tot
979 2068 1014 2125 et
1036 2067 1133 2125 tanta
1153 2053 1200 2124 dc
1218 2077 1330 2151 reguo
1347 2057 1565 2127 Francorum

504 2169 766 2271 requirentibus
777 2169 815 2240 in
833 2168 977 2265 suisque
989 2164 1372 2265 postulationibustam
1388 2167 1566 2241 obstinate

503 2313 545 2361 ac
574 2286 748 2388 pertinaci
773 2284 896 2357 animo
925 2282 1198 2376 inhorrentibus,
1218 2297 1260 2353 ut
1283 2283 1381 2382 pacis
1407 2283 1566 2357 remedia

502 2408 711 2503 interreges
726 2419 885 2500 etregna
900 2424 1006 2501 posse
1026 2400 1177 2472 inveniri
1193 2401 1345 2472 omnino
1363 2400 1567 2500 desperare·

504 2537 574 2596 tur.
610 2522 720 2611 Quod
745 2522 963 2621 perspiciens
992 2520 1068 2619 ipse
1099 2520 1242 2592 illustris
1269 2519 1566 2616 Burgundionum

504 2640 594 2730 dux,
625 2654 659 2711 et
687 2638 786 2736 quod
813 2636 942 2709 multas
965 2636 1166 2708 oblationes
1190 2634 1295 2708 valde
1314 2635 1564 2732 rationabiles,

504 2754 681 2827 desiderio
711 2749 945 2824 conciliandae
971 2753 1068 2852 pacis
1100 2749 1236 2823 eisdern
1265 2751 1385 2850 buglis
1414 2777 1434 2826 a
1466 2769 1567 2853 parte

504 2876 723 2943 Francorum
741 2868 868 2957 iactas,
882 2892 1030 2966 prorsus
1046 2870 1112 2967 ipsi
1128 2886 1403 2943 contemnerent
1417 2883 1453 2943 et
1467 2896 1568 2944 recu·

505 3004 640 3079 serent,
659 3011 743 3059 cum
760 3010 869 3060 omne
883 2986 986 3085 quod
1009 2989 1046 3059 in
1070 3010 1109 3059 se
1131 3001 1208 3061 erat
1226 2988 1450 3063 inveniendae
1469 2991 1567 3090 pacis

505 3123 540 3180 et
556 3101 760 3179 concordiae
775 3105 931 3204 satisque
947 3105 998 3177 eis
1021 3104 1143 3178 iecisse
1164 3130 1186 3179 a
1208 3109 1347 3181 cunctis
1374 3107 1564 3201 diceretur,

504 3224 655 3298 consilio
683 3237 719 3296 et
747 3223 954 3295 auctoritate
981 3222 1163 3295 dictorum
1188 3220 1567 3327 reverendissimorum

505 3342 722 3439 legatorum,
742 3339 830 3429 sibi,
849 3341 952 3414 terris
966 3362 1009 3412 ac
1025 3338 1176 3412 subditis
1189 3338 1261 3413 suis
1281 3338 1444 3414 debono
1468 3342 1567 3441 pacis

506 3482 589 3531 cum
615 3460 836 3529 Francorum
860 3480 942 3551 rege
967 3454 1161 3527 consuluit.
1185 3456 1286 3527 Tales
1310 3457 1469 3529 enimet
1493 3470 1567 3529 tam

507 3574 675 3645 honestas
691 3570 760 3645 sibi
782 3573 880 3672 pacis
903 3571 1129 3645 conditiones
1144 3570 1241 3644 idem
1263 3576 1480 3646 Francorum
1504 3598 1566 3647 rcx

508 3688 908 3786 offe1·ebat,·qu0deas
933 3711 1113 3760 recusasse
1136 3712 1212 3759 non
1243 3688 1354 3761 modo
1374 3690 1563 3787 injustum,

506 3804 765 3877 verumetiam
796 3802 1035 3875 inhumanum
1060 3826 1082 3875 a
1104 3804 1243 3875 cunctis
1274 3806 1401 3877 merito
1430 3806 1568 3878 censeri

507 3920 694 4021 potuisset.
716 3918 924 4015 Priusquam
946 3931 1064 3990 tamen
1078 3917 1151 4015 ulia
1166 3933 1271 4018 pacta
1283 3920 1459 4013 firmaret,
1479 3944 1566 3995 auc-

507 4035 648 4110 toritate
669 4032 872 4133 apostolicae
894 4032 988 4105 sedis
1011 4048 1047 4105 et
1069 4034 1242 4131 generalis
1262 4036 1416 4109 ecciesiae
1438 4038 1567 4135 synodi

508 4178 649 4243 secum,
669 4175 734 4251 per
750 4149 864 4222 dictos
879 4148 1194 4222 reverendissimos
1209 4166 1328 4251 patres
1343 4153 1480 4251 legatos
1495 4154 1567 4227 dis·

508 4272 714 4369 pensatum*
727 4266 792 4339 init
802 4290 909 4366 super
918 4264 986 4338 illis
1000 4265 1112 4366 pactis
1125 4279 1161 4338 et
1175 4270 1417 4357 sacramentis,
1434 4269 1567 4368 quibus

507 4388 703 4485 angiorum
734 4384 809 4483 regi
846 4383 1039 4457 obstrictus
1074 4380 1332 4484 devinctosque
1362 4384 1563 4460 tenebatur.

548 4624 577 4682 t.
599 4619 697 4680 Plutot
709 4623 906 4697 dispensatus,
924 4618 1047 4681 ancias
1059 4638 1117 4698 qne
1128 4626 1156 4681 aa·
1168 4638 1206 4683 ne
1217 4620 1273 4683 tuit
1284 4622 1304 4683 i
1315 4621 1461 4703 supplem.
