3892 5892
538 814 596 872 rea
824 806 1235 895 msromuuncexcn
1254 808 1308 865 vn

537 933 688 1009 Juvabat
704 948 740 1006 et
756 930 860 1005 silvas
886 933 1020 1022 videre,
1038 947 1074 1004 et
1090 956 1211 1029 agros,
1232 930 1313 1003 licet
1334 930 1467 1027 ubique
1492 957 1596 1031 paene

538 1049 739 1149 squalentes
756 1064 792 1121 et
813 1048 994 1140 desertos,
1016 1047 1166 1119 virentia
1188 1062 1307 1145 prata,
1329 1045 1519 1145 sontesque
1540 1064 1595 1121 at—

537 1193 608 1266 que
631 1190 773 1258 amnes,
806 1179 842 1236 et
866 1187 1041 1262 aquarum
1066 1162 1199 1234 rivulos
1222 1162 1375 1257 intueri3
1399 1160 1596 1260 dequibus

537 1283 683 1382 quidem
712 1307 734 1356 a
765 1281 907 1372 multis,
944 1280 1006 1378 qnl
1041 1267 1184 1352 urbium
1220 1278 1371 1352 claustra
1407 1306 1592 1379 nunqnam

537 1402 713 1493 exierant,
747 1397 842 1470 lama
872 1396 1081 1487 dumtaxat,
1115 1397 1359 1495 experimento
1384 1421 1469 1470 vero
1497 1397 1591 1470 nulla

410 1497 414 1505 ¹
538 1518 665 1590 notitia
680 1513 891 1587 habebatur.
1437 1514 1439 1523 '
1608 1524 1617 1536 '

588 1636 706 1701 Unum
730 1651 817 1699 vero
843 1625 946 1709 valde
970 1624 1223 1709 admirandum
1248 1640 1284 1699 et
1307 1625 1407 1723 qnod
1432 1626 1589 1700 divinum

537 1771 628 1843 opus
646 1745 721 1815 lore
737 1741 989 1837 ambigendum
1010 1741 1157 1814 minime
1177 1756 1271 1832 erat,
1288 1756 1430 1840 poterat
1446 1758 1523 1814 tum
1541 1744 1590 1815 vi-

536 1861 626 1940 deri.
653 1863 743 1939 Natu
766 1884 872 1956 cum,
891 1873 974 1936 ante
998 1872 1154 1953 treugas,
1176 1856 1268 1940 inter
1286 1860 1592 1959 utriusquepartis

537 1986 692 2048 armatos
725 1985 831 2069 atque
859 1972 1013 2070 populos
1040 1983 1136 2042 tanta
1163 1969 1328 2043 odiorum
1362 1973 1536 2047 acerbitas
1558 1990 1594 2047 et

537 2089 674 2168 sevitie
692 2090 863 2163 atrocitas
886 2088 1033 2169 fuissent
1049 2072 1315 2184 diutissimeque
1331 2086 1537 2179 durassent,
1554 2105 1594 2162 ut

537 2201 626 2277 nulli
643 2202 737 2277 sine¹
753 2203 832 2277 ritae
847 2227 919 2276 eun
936 2200 1109 2303 periculo,
1129 2207 1202 2279 sive
1219 2202 1334 2293 militi,
1349 2204 1422 2273 sive
1437 2202 1591 2301 plebeio,

538 2342 605 2395 nec
621 2316 728 2389 etiam
743 2315 811 2393 snb
831 2318 959 2414 quovis
972 2319 1072 2395 solvo
1086 2318 1269 2393 conductu
1282 2340 1465 2415 quoquam
1481 2332 1596 2389 trans·

536 2436 591 2509 ire
611 2433 775 2525 licuisset,
794 2435 913 2512 statim
932 2434 1120 2533 publicatis
1134 2436 1279 2532 treugis,
1299 2434 1493 2532 unicuique
1510 2456 1597 2532 quo-

538 2576 695 2648 cumque
718 2576 756 2623 ee
779 2549 883 2623 vellet
905 2552 1091 2642 conferre,
1120 2554 1194 2625 sive
1222 2552 1259 2623 ln
1286 2548 1431 2641 eadem,
1458 2550 1531 2623 sivo
1558 2550 1595 2621 ln

539 2664 910 2758 diversaobedientia,
923 2666 1191 2765 transirentque
1203 2666 1420 2765 peregrinari
1432 2690 1597 2739 securum

539 2797 574 2854 et
589 2781 743 2859 liborum
760 2779 838 2851 luit.
853 2782 893 2851 ln
911 2778 967 2851 bis
983 2780 1159 2877 siquidem
1176 2797 1305 2879 treugas
1316 2780 1490 2874 exordiis,
1505 2780 1597 2855 adco

539 2908 750 2973 cunctorum
774 2893 935 2980 animos,
955 2895 1062 2970 etiam
1083 2897 1145 2995 qni
1169 2897 1342 2995 proximis
1362 2910 1444 2969 ente
1469 2910 1598 2993 treuga¹

540 3010 665 3088 diebus
697 3009 1020 3108 promulgationem
1050 3012 1086 3085 in
1111 3013 1256 3085 ellerate
1284 3012 1433 3090 nummi
1462 3014 1599 3085 cruoris

539 3128 714 3203 effusione
726 3128 911 3203 dumtaxat
924 3130 1080 3224 gaudere
1095 3130 1322 3219 videbantur,
1341 3128 1504 3227 quaedsm
1518 3129 1597 3209 dul.

539 3244 675 3322 cedinis
697 3245 795 3342 Pacis
819 3245 989 3322 delibatio
1018 3246 1235 3355 delectabat,
1261 3262 1320 3336 ut,
1354 3270 1426 3317 sna
1454 3242 1597 3318 loritstis

540 3374 646 3457 atque
667 3346 887 3437 crudelitatis
910 3361 1032 3454 obliti,
1053 3388 1136 3455 cum
1159 3362 1322 3467 hostibus
1339 3363 1471 3462 passim
1497 3385 1596 3461 esque

539 3466 813 3563 ct'uectimtiee
830 3474 953 3565 festos,
972 3478 1137 3563 convivia
1159 3494 1194 3549 et
1214 3476 1346 3553 choros
1365 3502 1449 3551 cnm
1464 3477 1597 3575 ingenti

539 3590 657 3675 laetitia
679 3590 852 3673 ducerent
876 3607 983 3689 etque
1007 3592 1239 3671 celebrarent.
1261 3600 1304 3669 Et
1331 3595 1477 3693 quidem
1497 3618 1597 3693 pane

540 3730 762 3815 personum
791 3705 859 3779 hac
884 3721 991 3804 etque
1016 3706 1097 3781 illac
1118 3711 1239 3783 omnia
1265 3712 1301 3793 in
1324 3710 1423 3787 hunc
1447 3710 1597 3785 modum

540 3820 764 3917 quieverunt.

581 4036 609 4091 l.
627 4037 705 4091 Dans
720 4033 748 4091 le
763 4034 917 4093 nrcnuscrit
931 4048 962 4093 ut
976 4038 1048 4101 culli
1062 4036 1111 4095 sub
1128 4038 1200 4109 «dte,
1216 4048 1270 4097 etc.
