3892 5892
519 877 578 945 llo
796 884 1058 947 utstummttu
1080 886 1215 945 canon
1237 880 1290 945 Vll

519 1036 628 1108 quam
644 1003 910 1084 defendendam
927 1010 1096 1083 dominus
1111 1009 1157 1082 de
1178 1006 1332 1099 Tulebot,
1344 1028 1466 1083 comes
1481 1008 1579 1082 Che·

518 1125 769 1216 rosberiensis,
800 1123 934 1197 ducum
965 1124 1099 1223 Angliae
1124 1126 1288 1199 omnium
1314 1125 1579 1197 strenuissimus

517 1260 625 1343 atque
641 1245 924 1334 audacissimus,
936 1242 1022 1314 bina
1040 1244 1117 1315 vice
1134 1242 1179 1315 de
1194 1241 1418 1339 Rotbomago
1435 1241 1578 1313 adven-

517 1361 627 1453 tavit,
651 1360 816 1432 victualia
839 1373 876 1430 et
891 1356 1020 1429 milites
1042 1382 1134 1455 quos
1158 1356 1300 1431 volebat
1326 1357 1519 1429 immittens
1535 1355 1575 1427 in

517 1475 708 1573 oppidum.
738 1479 830 1547 Cum
855 1497 941 1544 vero
969 1488 1084 1545 castra
1107 1474 1189 1545 satis
1211 1473 1350 1545 munita
1373 1470 1575 1543 obsessores

516 1589 715 1680 baberent,
734 1616 776 1663 ex
801 1612 876 1661 una
897 1586 1045 1685 quidem
1067 1588 1223 1687 partein
1245 1612 1317 1686 qua
1334 1612 1397 1659 rex
1419 1600 1513 1675 erat,
1534 1586 1572 1655 in

518 1694 734 1779 monasterio
763 1704 1010 1799 religiosarum
1043 1703 1151 1801 vulgo
1182 1704 1241 1776 der
1254 1700 1469 1775 Malo-Rubo
1499 1700 1574 1771 sive

517 1825 654 1893 Dumo¹
676 1835 906 1919 nuncupato,
935 1843 979 1892 ex
1003 1819 1115 1893 altera
1135 1844 1219 1891 vero
1250 1819 1405 1890 fluminis
1430 1819 1506 1916 ripa
1534 1817 1571 1889 in

518 1938 736 2009 monasterio
757 1937 880 2009 Sancti
895 1936 1055 2025 Martini,
1083 1936 1121 2007 in
1145 1960 1219 2033 quo
1242 1935 1572 2031 Ludovicus,regis

517 2050 631 2141 iilius,
651 2077 733 2123 cum
752 2052 872 2125 multis
889 2051 1041 2125 militum
1057 2050 1209 2127 ducibus
1229 2051 1372 2129 famosis
1389 2065 1479 2142 erat,
1505 2074 1572 2123 nec

517 2166 618 2262 Angli
627 2159 969 2240 castra.Francomm
976 2166 1159 2260 invadere,
1173 2191 1240 2238 nec
1250 2168 1327 2239 vice
1336 2191 1437 2240 versa
1449 2166 1571 2237 Franci

516 2283 673 2359 ecasuis
691 2284 736 2356 ad
754 2283 1007 2357 debellandum
1024 2283 1204 2378 anglicos,
1224 2306 1287 2380 per
1302 2296 1462 2380 patentes
1475 2304 1572 2353 cam·

515 2421 583 2495 pos
607 2397 869 2496 adequitantes,
897 2390 1007 2471 exire
1024 2392 1259 2491 attentarunt3
1286 2397 1349 2470 sed
1378 2396 1571 2493 anglorum

515 2512 669 2611 impetus
700 2515 817 2611 sagaci
838 2515 1007 2612 patientia
1027 2498 1322 2603 declinantes,'in
1350 2514 1423 2585 suis
1448 2538 1571 2585 mane·

515 2625 605 2699 bant
627 2631 762 2701 castris.
798 2630 992 2725 anglorum
1020 2654 1118 2727 vero,
1134 2630 1324 2720 exercitus,
1352 2653 1436 2700 cum
1455 2651 1569 2699 anno-

515 2765 621 2834 nam,
642 2745 710 2815 nisi
729 2732 838 2841 quam
867 2768 989 2814 secum
1013 2743 1235 2833 detulissent,
1260 2744 1408 2817 minime
1434 2743 1471 2813 in
1497 2756 1572 2815 tota

514 2857 573 2929 illa
590 2861 705 2956 patria
723 2860 881 2931 invenire
907 2874 1074 2957 possent,
1097 2861 1215 2933 statim
1232 2860 1278 2932 ad
1295 2886 1357 2933 suu
1374 2860 1488 2935 redire
1510 2883 1569 2931 ur·

515 2970 704 3065 gebantur.
759 3001 762 3006 ·
910 3032 915 3041 .
952 3034 956 3041 ,
1111 2999 1113 3005 ·

546 3088 799 3185 Mansititaque
807 3102 842 3162 et
851 3089 1244 3187 duravithujuscemodi
1256 3091 1411 3165 obsessio
1421 3116 1486 3190 per
1494 3090 1570 3189 plu·
1592 3092 1597 3099 '

513 3226 569 3275 res
583 3227 737 3297 menses,
751 3206 883 3301 quibus
898 3205 1117 3301 labentibus,
1133 3233 1176 3279 ex
1194 3208 1315 3304 Anglia
1331 3208 1469 3280 circiter
1484 3230 1568 3279 cum
1590 3270 1595 3279 ,

514 3317 637 3391 decem
658 3320 815 3395 millibus
836 3339 1077 3418 armatorum,
1096 3326 1258 3397 omnium
1277 3326 1315 3396 in
1332 3325 1432 3423 equis
1448 3339 1568 3397 vecto·

513 3456 616 3526 rum,
634 3434 705 3507 dur
726 3435 876 3509 Eboraci
890 3440 920 3530 ',
940 3463 1025 3509 cum
1041 3439 1160 3510 multis
1175 3438 1365 3511 comitibus
1383 3454 1418 3511 et
1437 3438 1568 3511 nobili·

512 3547 580 3621 bus
598 3555 698 3647 regni
722 3554 852 3651 angliae
872 3555 1076 3627 transmisso
1101 3554 1208 3643 mari,
1228 3554 1276 3627 ad
1296 3556 1415 3627 littora
1432 3555 1568 3655 appulit

513 3668 750 3739 Normanniae.
770 3669 961 3741 Descendit
976 3683 1095 3741 autem
1112 3670 1208 3767 apud
1224 3671 1465 3763 Haressutum,
1485 3670 1563 3763 ubi,

512 3804 595 3852 cum
611 3783 730 3855 adhuc
745 3783 970 3856 obsidionem
984 3785 1082 3884 apud
1098 3786 1317 3862 Pontisaram
1329 3788 1458 3860 durare
1470 3811 1567 3859 corn-

511 3896 688 3993 periisset,
711 3919 856 3996 sperans
879 3898 1031 3970 obsessis
1057 3923 1161 3997 posse
1186 3900 1384 3993 subveniri,
1410 3926 1566 4001 propero

511 4037 616 4085 cursu
648 4015 791 4086 advolat
817 4039 901 4085 cum
923 4037 988 4086 sua
1015 4038 1110 4088 nova
1130 4016 1253 4090 militia
1288 4018 1562 4115 Rothomagum.

511 4131 593 4215 Quo
617 4128 699 4201 loco
718 4154 800 4202 cum
831 4129 943 4202 tribus
966 4145 1029 4209 aut
1055 4146 1209 4227 quatuor
1231 4132 1358 4208 diebus
1383 4133 1566 4209 dumtaxat

509 4267 594 4316 suos
619 4243 865 4338 refocillasset,
898 4270 980 4317 cum
1002 4236 1100 4319 dicto
1122 4246 1271 4321 domino
1295 4248 1342 4323 de
1364 4248 1509 4323 talebot
1529 4264 1565 4323 et

551 4433 579 4487 l.
602 4429 798 4492 Maubuisson.
811 4436 871 4493 Das
879 4407 958 4491 deus
967 4430 1074 4493 formes
1087 4434 1187 4494 latinas
1198 4436 1352 4515 proposees
1364 4456 1418 4518 par
1428 4438 1560 4517 l'auteur,

509 4516 538 4577 la
551 4517 686 4593 demisse
699 4533 742 4581 est
755 4522 783 4582 la
794 4522 875 4582 seule
887 4522 938 4601 qui
950 4522 1007 4582 soit
1017 4524 1169 4584 mnsacrde
1182 4544 1235 4605 par
1244 4523 1286 4585 les
1298 4527 1389 4592 titres.

553 4610 583 4668 2.
605 4611 646 4669 1ae
669 4609 724 4669 duc
742 4610 870 4688 d’York,
888 4611 952 4690 (teja
972 4614 1136 4675 mendosus
1149 4615 1309 4695 ct-dessus,
1323 4638 1353 4699 p.
1369 4622 1438 4681 131.
