3892 5892
747 925 857 984 uana
873 926 1043 1000 Qmffms.
1326 939 1333 950 ·
1361 927 1419 986 207

372 1045 492 1117 minua
506 1070 662 1145 pugnam
686 1071 771 1118 cum
787 1046 890 1119 hoste
915 1071 1115 1150 conserere.
1144 1051 1311 1126 Econtra
1333 1072 1419 1120 vero

370 1159 493 1232 Franci
516 1159 686 1259 impavidi
703 1175 838 1258 petras,
857 1161 1058 1260 plumbatas
1078 1177 1113 1236 et
1136 1185 1245 1234 omne
1266 1165 1420 1237 telorum

369 1286 476 1371 atque
488 1273 674 1366 missilium
687 1298 798 1371 genus
810 1275 847 1346 in
861 1273 984 1349 hostes
991 1276 1174 1372 jacientes,
1192 1276 1363 1375 plurimos
1376 1303 1418 1350 ex

368 1388 453 1486 ipsis
467 1389 635 1486 anglicis,
649 1405 724 1462 tum
741 1393 1026 1491 serpentinarum
1049 1405 1124 1466 tum
1151 1391 1420 1469 oolubrinarum

367 1501 646 1601 balistarumque
667 1505 840 1602 jactibus,
864 1508 980 1578 onnus
1000 1507 1107 1580 etiam
1128 1521 1163 1578 et
1186 1507 1314 1595 hastis,
1333 1533 1419 1607 pro·

367 1620 589 1711 sternebant,
619 1623 836 1720 viriliterque
861 1621 1020 1696 boatium
1049 1621 1253 1697 violentiam
1277 1625 1421 1723 propel-

366 1736 500 1811 lebant.

414 1852 509 1924 luter
524 1852 600 1925 hac
615 1870 755 1943 autem,
774 1852 863 1926 dum
887 1853 946 1926 ille
961 1854 1114 1926 insultus
1129 1854 1179 1927 ita
1194 1853 1288 1926 ultro
1304 1855 1420 1927 citro-

367 1992 438 2066 que
453 1984 627 2066 ageretur,
647 1970 838 2070 pluresque
854 1992 898 2042 ex
914 1971 1084 2070 Angliois,
1104 1986 1141 2044 et
1153 1973 1229 2070 jam
1250 1973 1342 2044 inter
1357 1996 1420 2046 eos

365 2083 519 2158 'lbomas
543 2083 603 2159 ille
626 2085 780 2182 signifer,
808 2085 1039 2176 occidissent,
1059 2087 1228 2184 contigit,
1253 2110 1327 2159 non
1346 2084 1418 2160 lato

366 2197 530 2295 quidem,
558 2199 623 2272 sed
647 2200 767 2273 divina
793 2200 840 2271 ita
866 2199 1078 2298 disponente
1105 2198 1349 2298 providentia,
1379 2214 1420 2272 ut

360 2311 456 2407 jactu
481 2313 692 2411 serpentinae
707 2338 769 2387 seu
787 2311 1002 2406 colubrina,
1022 2315 1216 2412 anglorum
1238 2312 1312 2386 dux
1329 2338 1418 2412 prve-

366 2425 457 2498 latus
475 2426 645 2500 domiuus
660 2427 706 2500 de
721 2427 865 2500 Talebot
882 2429 919 2499 in
933 2453 1038 2500 crure
1055 2453 1119 2500 seu
1137 2426 1225 2502 tibia
1242 2427 1416 2500 feriretur,

366 2545 456 2614 Cum
472 2565 558 2614 vero
571 2542 620 2616 ita
636 2543 726 2614 ictus
741 2557 845 2634 esset,
863 2543 961 2633 ethi,
973 2544 1036 2639 qui
1052 2543 1099 2615 ad
1115 2540 1349 2639 expugnanda
1363 2567 1419 2614 ca·

365 2670 436 2729 stra
452 2679 491 2728 se
504 2657 750 2750 admoverant,
764 2658 896 2758 repulsi
912 2683 934 2731 a
949 2659 1092 2732 Francis
1108 2674 1144 2730 et
1156 2657 1324 2757 paulatim
1339 2659 1418 2730 nasi

366 2772 529 2862 lusissent,
543 2774 604 2870 qui
618 2789 842 2872 supererant,
859 2796 944 2868 erga
960 2769 1090 2846 ducem
1101 2797 1206 2846 suum
1217 2769 1414 2870 praefatum,

365 2910 473 2982 quem
488 2887 649 2960 saucium
665 2887 876 2977 audiebant,
895 2889 993 2960 velut
1015 2887 1155 2960 attoniti
1176 2900 1211 2958 et
1232 2886 1268 2956 in
1293 2900 1418 2983 stupo-

365 3025 440 3073 rem
462 3003 553 3096 aeti,
571 3027 647 3075 sese
659 3001 890 3098 collegerunt.
905 3001 1013 3091 Quod
1030 3003 1207 3074 intuentes
1222 3000 1369 3093 Franci,
1384 3014 1420 3073 et

366 3118 442 3188 sine
460 3117 586 3189 ordine
603 3132 638 3188 et
654 3117 888 3216 dispositione
903 3119 1000 3216 ipsos
1018 3117 1180 3214 Anglicos
1195 3116 1292 3188 velut
1307 3131 1420 3188 exter·
1549 3183 1552 3192 r

366 3233 469 3319 ritos,
489 3229 568 3302 licet
587 3233 790 3326 ignorarent
809 3231 867 3302 cui
888 3255 929 3302 ex
956 3229 1041 3328 ipsis
1060 3229 1250 3325 anglorum
1268 3230 1419 3328 ducibus

365 3359 514 3418 eventus
538 3345 677 3416 sinister
701 3345 944 3442 provenisset,
971 3368 1055 3416 cum
1082 3367 1211 3439 magno
1238 3358 1273 3414 et
1300 3343 1418 3416 valido

366 3461 499 3558 impetu
512 3485 533 3532 e
546 3459 669 3531 eastris
681 3471 895 3556 eruperunt,
910 3471 946 3528 et
959 3457 1006 3530 ad
1017 3457 1135 3529 locum
1148 3456 1247 3529 illum
1261 3481 1419 3556 propero

364 3600 471 3648 cursu
488 3573 716 3661 advolantes,
736 3573 772 3643 in
793 3597 867 3670 quo
885 3574 960 3669 ipse
977 3572 1048 3642 dux
1066 3570 1179 3643 stabat
1195 3571 1417 3662 vulneratus,

365 3693 482 3788 ipsum
497 3703 604 3786 atque
621 3711 735 3759 unum
751 3684 951 3784 ejushfilium
964 3689 973 3724 ¹
987 3711 1069 3758 oum
1088 3684 1250 3784 pluribus
1262 3685 1339 3759 aliia
1353 3712 1419 3760 no·

363 3796 494 3877 bilibus
507 3803 727 3876 oeciderunt.
743 3800 914 3874 Poscebat
924 3799 1021 3872 idem
1036 3799 1205 3873 dominus
1215 3799 1262 3872 de
1279 3801 1420 3874 Talebot

363 3921 470 3992 vitam
487 3918 555 3990 silai
570 3917 704 3989 salvam
719 3916 867 4008 dimitti,
881 3915 1035 3988 ollerens
1049 3938 1218 4011 magnum
1233 3918 1310 3989 auri
1326 3941 1420 4016 pon-

363 4031 431 4105 dus
447 4035 585 4131 aliaque
610 4032 782 4131 plurima,
801 4031 828 4103 si
845 4032 918 4104 vita
937 4032 1004 4103 sibi
1019 4045 1231 4116 servaretur.
1250 4031 1320 4104 Sed
1336 4057 1419 4105 cum

363 4148 494 4245 ipsein
518 4172 645 4220 manus
669 4145 829 4244 peditum
856 4147 1116 4242 sagittariorum
1142 4146 1341 4241 incidisset,
1370 4148 1419 4220 ob

363 4261 607 4336 crudelitatem
639 4287 750 4360 quarn
779 4260 919 4361 pridem
943 4263 981 4334 in
1017 4263 1135 4336 socios
1161 4287 1245 4334 suos
1269 4263 1417 4354 leoerat,

364 4377 484 4449 multis
498 4401 580 4448 eum
598 4378 790 4450 laceratum
804 4375 1014 4449 vulneribus
1030 4377 1271 4451 confoderunt
1282 4378 1419 4478 absque

403 4608 433 4666 s.
455 4601 601 4681 npomu
614 4600 642 4658 u
655 4570 842 4660 suessiona
853 4599 940 4665 uste.
