3892 5892
551 895 610 976 err
833 905 1087 976 nummosi
1107 909 1244 974 cliton
1263 916 1317 972 vu

552 1039 800 1136 linquendum.
831 1039 939 1126 Quod
965 1053 1084 1125 tamen
1110 1042 1197 1113 novi
1221 1040 1400 1138 impositio
1423 1037 1607 1134 vectigalis

552 1178 613 1226 seu
642 1152 786 1249 gabellae
807 1154 888 1226 salis
911 1179 1054 1226 causam
1079 1153 1286 1251 hujusmodi
1302 1153 1438 1226 dissidii
1458 1153 1608 1224 minime

551 1270 764 1369 praestiterit,
782 1293 825 1339 ex
836 1268 980 1341 duobus
997 1269 1191 1368 probabilis
1207 1270 1322 1342 afferri
1336 1281 1450 1367 potest
1461 1266 1609 1362 conjec-

552 1400 631 1458 tura
646 1409 655 1457 :
669 1408 767 1473 uno,
785 1383 884 1480 quod
899 1384 975 1482 ipse
995 1384 1197 1484 Philippus,
1216 1367 1381 1458 confecto
1396 1379 1609 1478 hujusmodi

552 1499 665 1591 bello,
688 1499 834 1569 victoria
858 1498 1018 1596 plenaria
1035 1501 1190 1598 potitus,
1209 1502 1256 1572 ita
1278 1515 1319 1571 ut
1335 1499 1441 1570 etiam
1461 1495 1605 1566 Gauda·

552 1639 638 1684 vum
655 1611 859 1684 exstinxisse
877 1610 978 1683 facile
993 1615 1182 1711 potuisset,
1201 1615 1230 1684 si
1246 1615 1279 1684 ei
1291 1611 1524 1698 collibuisset,
1539 1631 1608 1680 nec

553 1732 636 1828 ipsis
648 1729 910 1817 Gaudensibus,
926 1728 1044 1830 neque
1054 1734 1131 1806 aliis
1140 1727 1310 1806 Flaudriae
1320 1730 1461 1832 populis
1469 1728 1608 1801 dictum

553 1846 700 1943 vectigal
723 1846 935 1944 imposuisse
961 1848 1162 1937 invenitur,
1192 1849 1325 1937 altero,
1349 1848 1453 1943 quia,
1479 1847 1508 1917 si
1537 1866 1607 1943 pro

552 1961 738 2034 communi
754 1961 862 2031 totius
879 1967 903 2030 F
904 1960 1049 2034 landriae
1065 1963 1198 2034 tuenda
1220 1962 1381 2034 libertate
1397 1957 1609 2056 hujusmodi

553 2075 787 2171 suscepissent
819 2072 974 2160 bellurn,
1009 2077 1197 2149 verisimile
1231 2091 1285 2151 est
1303 2076 1433 2174 .quod,
1452 2074 1608 2147 aliorum

554 2191 772 2289 oppidorum
793 2203 827 2261 et
853 2192 1073 2287 populorum
1097 2191 1235 2263 favores
1259 2206 1365 2288 utque
1393 2189 1521 2262 auxilia
1541 2188 1608 2259 ha·

553 2302 730 2391 buisseut,
756 2318 792 2376 et
813 2304 936 2400 quod,
961 2329 1027 2402 pro
1044 2304 1306 2377 contribulibus
1324 2320 1359 2376 et
1373 2305 1496 2376 vicinis
1516 2290 1610 2374 mili-

555 2419 664 2499 tando
676 2444 823 2517 seseque
835 2435 995 2492 extremo
1012 2435 1230 2519 exponentes
1250 2445 1315 2516 pro
1334 2421 1418 2518 ipsis
1432 2418 1605 2516 periculo,

553 2533 600 2604 ab
623 2535 687 2606 eis'
700 2534 829 2607 deserti
859 2551 894 2608 et
916 2537 983 2608 soli
1005 2537 1115 2609 relicti
1140 2561 1215 2608 non
1247 2535 1411 2621 fuissent,
1437 2533 1610 2632 quemadr

554 2649 705 2721 modum
721 2673 843 2721 revera
855 2651 952 2748 ipsos
967 2651 1063 2741 solos
1081 2651 1223 2724 relictos
1239 2666 1274 2722 et
1290 2650 1442 2723 aliorum
1457 2651 1610 2750 oppido·

554 2789 637 2836 rum
652 2763 789 2836 auxiliis
805 2765 992 2837 destitutos
1010 2767 1115 2837 luisse
1131 2779 1271 2839 constat
1283 2771 1304 2838 ¹.

604 2879 742 2948 Utravis
756 2892 873 2949 tamen
884 2902 992 2951 causa
1001 2881 1182 2968 exstiterit,
1199 2894 1338 2961 constat
1350 2878 1609 2952 atrocissimum

555 2991 892 3090 acerbissimumque
921 2993 1055 3067 liellum
1077 2995 1246 3069 obortum
1271 2991 1375 3068 fuisse
1397 2996 1490 3067 inter
1511 2995 1609 3092 ipsos

555 3121 591 3178 et
617 3107 801 3204 praelatum
824 3109 1024 3208 prinoipem
1048 3136 1166 3182 suurn.
1193 3115 1280 3183 Nam
1299 3111 1365 3210 ipsi
1391 3111 1484 3182 intra
1502 3132 1609 3180 suum

556 3220 772 3296 advocantes
793 3224 969 3323 oppidum
991 3242 1080 3324 quot
1095 3240 1262 3324 poterant
1280 3225 1375 3298 bello
1398 3227 1547 3300 idoneos
1575 3237 1610 3295 et

555 3352 700 3433 vegetos
714 3363 868 3435 corpore
889 3366 931 3413 ex
948 3340 1076 3413 vicinis
1090 3342 1182 3438 agris
1198 3355 1233 3413 et
1246 3341 1355 3430 villis,
1374 3366 1457 3412 cum
1472 3341 1610 3436 maguis

555 3452 758 3549 agminibus
775 3454 936 3552 peditum
955 3457 1107 3554 (equites
1123 3458 1219 3528 enim
1238 3454 1420 3530 habebant
1436 3457 1607 3555 paucos),

555 3566 708 3665 patriam
733 3566 801 3638 hac
829 3585 863 3641 et
888 3567 968 3641 illac
997 3584 1247 3668 pervagantes,
1275 3585 1309 3642 ¹et
1334 3570 1476 3669 rapinas
1502 3584 1609 3666 atque

556 3680 693 3777 praedas
711 3693 867 3778 agentes,
887 3696 1062 3761 suammet
1079 3683 1145 3781 ipsi
1160 3684 1311 3782 patriam
1329 3683 1483 3755 caedibus
1502 3697 1609 3778 atque

556 3795 731 3867 incendiis
744 3795 975 3867 devastabant
990 3824 999 3867 ε
1017 3798 1063 3868 ita
1076 3798 1193 3895 quod,
1207 3798 1328 3896 paucis
1338 3796 1497 3870 decursis
1508 3819 1609 3867 men·

556 3911 668 4003 sibus,
686 3911 733 3986 ad
750 3914 909 4011 quinque
925 3927 961 3984 et
977 3937 1035 3986 sex
1052 3913 1214 3988 milliaria
1230 3914 1285 3987 vel
1302 3913 1467 4013 amplius,
1482 3927 1555 3984 tam
1571 3913 1607 3982 in

599 4159 628 4218 l.
650 4159 703 4216 Ges
716 4156 827 4216 rnisons
839 4157 1001 4236 specienses
1015 4157 1144 4219 tombent
1156 4159 1261 4220 devant
1273 4163 1316 4221 les
1336 4159 1514 4220 documents.
1532 4161 1611 4218 Nous

558 4265 649 4305 avons
666 4245 694 4304 le
714 4244 844 4305 discours
860 4247 1007 4326 prononce
1024 4267 1077 4328 par
1094 4249 1121 4308 le
1138 4249 1195 4308 due
1211 4250 1248 4308 de
1266 4253 1439 4330 bourgogne
1457 4249 1611 4308 tui-meme

558 4333 772 4394 ll’essemblee
788 4336 825 4395 de
848 4336 877 4396 le
898 4341 1008 4396 Collace
1021 4357 1096 4416 pour
1116 4359 1234 4398 amener
1254 4341 1295 4398 les
1318 4340 1437 4400 Gantois
1454 4331 1478 4398 δ’
1491 4359 1521 4398 se
1539 4359 1610 4398 sou-

558 4436 660 4482 mettre
673 4427 691 4480 l
706 4423 734 4481 la
745 4423 867 4502 gabette.
887 4426 955 4484 Voir
968 4426 996 4486 le
1010 4427 1144 4506 Dagboel·
1158 4431 1209 4484 der
1222 4431 1357 4488 Gentsclie
1367 4432 1498 4503 collatae,
1513 4426 1610 4510 publie

558 4515 661 4590 pnrtd.
676 4511 812 4590 Scbayes,
827 4526 856 4571 et
869 4512 898 4572 le
910 4514 982 4590 reci!
994 4513 1032 4576 de
1044 4519 1085 4578 Μ.
1100 4519 1220 4594 Kervyn
1233 4515 1270 4574 de
1285 4513 1476 4588 Lettenhove,
1490 4521 1611 4578 Histoire

558 4602 596 4657 de
607 4601 765 4674 Flaudrer,
779 4599 801 4658 l.
815 4603 894 4662 XVI.
