<?xml version="1.0" encoding="UTF-8"?>
<!DOCTYPE html PUBLIC "-//W3C//DTD XHTML 1.0 Transitional//EN"
    "http://www.w3.org/TR/xhtml1/DTD/xhtml1-transitional.dtd">
<html xmlns="http://www.w3.org/1999/xhtml" xml:lang="en" lang="en">
 <head>
  <title>
</title>
<meta http-equiv="Content-Type" content="text/html;charset=utf-8" />
  <meta name='ocr-system' content='tesseract 3.04.00' />
  <meta name='ocr-capabilities' content='ocr_page ocr_carea ocr_par ocr_line ocrx_word'/>
</head>
<body>
  <div class='ocr_page' id='page_1' title='image "./histoiredesrgne01amelgoog_0227.png"; bbox 0 0 3892 5892; ppageno 0'>
   <div class='ocr_carea' id='block_1_1' title="bbox 752 897 1422 960">
    <p class='ocr_par' dir='ltr' id='par_1_1' title="bbox 752 897 1422 960">
     <span class='ocr_line' id='line_1_1' title="bbox 752 897 1422 960; baseline 0.004 -3"><span class='ocrx_word' id='word_1_1' title='bbox 752 898 862 957; x_wconf 76' lang='lat' dir='ltr'><strong>mma</strong></span> <span class='ocrx_word' id='word_1_2' title='bbox 880 897 1030 959; x_wconf 70' lang='lat' dir='ltr'><strong>mutus.</strong></span> <span class='ocrx_word' id='word_1_3' title='bbox 1387 902 1422 960; x_wconf 77' lang='lat' dir='ltr'><strong>al</strong></span> 
     </span>
    </p>
   </div>
   <div class='ocr_carea' id='block_1_2' title="bbox 306 1020 1428 4263">
    <p class='ocr_par' dir='ltr' id='par_1_2' title="bbox 306 1020 1428 2292">
     <span class='ocr_line' id='line_1_2' title="bbox 366 1020 1426 1117; baseline 0.006 -24"><span class='ocrx_word' id='word_1_4' title='bbox 366 1020 553 1095; x_wconf 85' lang='lat' dir='ltr'><strong>monachis</strong></span> <span class='ocrx_word' id='word_1_5' title='bbox 564 1020 622 1094; x_wconf 84' lang='lat' dir='ltr'><strong>vel</strong></span> <span class='ocrx_word' id='word_1_6' title='bbox 639 1021 903 1117; x_wconf 89' lang='lat' dir='ltr'><strong>sacerdotibus,</strong></span> <span class='ocrx_word' id='word_1_7' title='bbox 922 1021 1198 1116; x_wconf 85' lang='lat' dir='ltr'><strong>seunobilitati,</strong></span> <span class='ocrx_word' id='word_1_8' title='bbox 1217 1023 1280 1097; x_wconf 95' lang='lat' dir='ltr'><strong>illo</strong></span> <span class='ocrx_word' id='word_1_9' title='bbox 1297 1024 1426 1108; x_wconf 88' lang='lat' dir='ltr'><strong>crude-</strong></span> 
     </span>
     <span class='ocr_line' id='line_1_3' title="bbox 364 1140 1423 1244; baseline 0.008 -31"><span class='ocrx_word' id='word_1_10' title='bbox 364 1140 498 1215; x_wconf 88' lang='lat' dir='ltr'><strong>lissimo</strong></span> <span class='ocrx_word' id='word_1_11' title='bbox 526 1141 646 1215; x_wconf 85' lang='lat' dir='ltr'><strong>lurore</strong></span> <span class='ocrx_word' id='word_1_12' title='bbox 668 1158 935 1243; x_wconf 81' lang='lat' dir='ltr'><strong>percurrentes,</strong></span> <span class='ocrx_word' id='word_1_13' title='bbox 957 1144 1133 1219; x_wconf 89' lang='lat' dir='ltr'><strong>ullatenus</strong></span> <span class='ocrx_word' id='word_1_14' title='bbox 1154 1146 1331 1244; x_wconf 81' lang='lat' dir='ltr'><strong>parcitum</strong></span> <span class='ocrx_word' id='word_1_15' title='bbox 1348 1163 1423 1240; x_wconf 89' lang='lat' dir='ltr'><strong>est;</strong></span> 
     </span>
     <span class='ocr_line' id='line_1_4' title="bbox 365 1258 1428 1363; baseline 0.007 -31"><span class='ocrx_word' id='word_1_16' title='bbox 365 1258 429 1332; x_wconf 87' lang='lat' dir='ltr'><strong>sed</strong></span> <span class='ocrx_word' id='word_1_17' title='bbox 441 1274 578 1359; x_wconf 90' lang='lat' dir='ltr'><strong>quanto</strong></span> <span class='ocrx_word' id='word_1_18' title='bbox 596 1260 722 1334; x_wconf 88' lang='lat' dir='ltr'><strong>altiore</strong></span> <span class='ocrx_word' id='word_1_19' title='bbox 731 1260 912 1363; x_wconf 83' lang='lat' dir='ltr'><strong>dignitatis</strong></span> <span class='ocrx_word' id='word_1_20' title='bbox 928 1261 1111 1335; x_wconf 81' lang='lat' dir='ltr'><strong>clarebant</strong></span> <span class='ocrx_word' id='word_1_21' title='bbox 1125 1262 1246 1358; x_wconf 84' lang='lat' dir='ltr'><strong>titulo,</strong></span> <span class='ocrx_word' id='word_1_22' title='bbox 1263 1264 1428 1339; x_wconf 77' lang='lat' dir='ltr'><strong>silrme·</strong></span> 
     </span>
     <span class='ocr_line' id='line_1_5' title="bbox 365 1375 1427 1478; baseline 0.008 -31"><span class='ocrx_word' id='word_1_23' title='bbox 365 1375 553 1449; x_wconf 89' lang='lat' dir='ltr'><strong>niacorum</strong></span> <span class='ocrx_word' id='word_1_24' title='bbox 567 1376 723 1451; x_wconf 77' lang='lat' dir='ltr'><strong>fautores</strong></span> <span class='ocrx_word' id='word_1_25' title='bbox 735 1377 841 1451; x_wconf 82' lang='lat' dir='ltr'><strong>luisse</strong></span> <span class='ocrx_word' id='word_1_26' title='bbox 854 1377 1070 1469; x_wconf 83' lang='lat' dir='ltr'><strong>dicerentur,</strong></span> <span class='ocrx_word' id='word_1_27' title='bbox 1084 1392 1183 1451; x_wconf 89' lang='lat' dir='ltr'><strong>tanto</strong></span> <span class='ocrx_word' id='word_1_28' title='bbox 1192 1379 1303 1478; x_wconf 82' lang='lat' dir='ltr'><strong>magis</strong></span> <span class='ocrx_word' id='word_1_29' title='bbox 1314 1380 1351 1454; x_wconf 93' lang='lat' dir='ltr'><strong>in</strong></span> <span class='ocrx_word' id='word_1_30' title='bbox 1364 1406 1427 1456; x_wconf 86' lang='lat' dir='ltr'><strong>eos</strong></span> 
     </span>
     <span class='ocr_line' id='line_1_6' title="bbox 365 1492 1426 1593; baseline 0.006 -29"><span class='ocrx_word' id='word_1_31' title='bbox 365 1492 488 1564; x_wconf 78' lang='lat' dir='ltr'><strong>saevire</strong></span> <span class='ocrx_word' id='word_1_32' title='bbox 502 1492 562 1565; x_wconf 88' lang='lat' dir='ltr'><strong>illa</strong></span> <span class='ocrx_word' id='word_1_33' title='bbox 576 1492 820 1567; x_wconf 78' lang='lat' dir='ltr'><strong>efferatissima</strong></span> <span class='ocrx_word' id='word_1_34' title='bbox 836 1494 1047 1567; x_wconf 88' lang='lat' dir='ltr'><strong>sicariorum</strong></span> <span class='ocrx_word' id='word_1_35' title='bbox 1062 1492 1168 1568; x_wconf 90' lang='lat' dir='ltr'><strong>turba</strong></span> <span class='ocrx_word' id='word_1_36' title='bbox 1180 1494 1375 1593; x_wconf 79' lang='lat' dir='ltr'><strong>quaerebat,</strong></span> <span class='ocrx_word' id='word_1_37' title='bbox 1390 1512 1426 1570; x_wconf 88' lang='lat' dir='ltr'><strong>et</strong></span> 
     </span>
     <span class='ocr_line' id='line_1_7' title="bbox 306 1596 1426 1712; baseline 0.004 -29"><span class='ocrx_word' id='word_1_38' title='bbox 306 1596 313 1612; x_wconf 76' lang='grc'><strong>’</strong></span> <span class='ocrx_word' id='word_1_39' title='bbox 364 1611 560 1708; x_wconf 75' lang='lat' dir='ltr'><strong>praesertim</strong></span> <span class='ocrx_word' id='word_1_40' title='bbox 570 1611 598 1683; x_wconf 90' lang='lat' dir='ltr'><strong>si</strong></span> <span class='ocrx_word' id='word_1_41' title='bbox 610 1611 719 1684; x_wconf 91' lang='lat' dir='ltr'><strong>etiam</strong></span> <span class='ocrx_word' id='word_1_42' title='bbox 729 1610 1426 1712; x_wconf 76' lang='lat' dir='ltr'><strong>remfamiliaremlocupletemetdomos</strong></span> 
     </span>
     <span class='ocr_line' id='line_1_8' title="bbox 364 1722 1426 1829; baseline 0.008 -34"><span class='ocrx_word' id='word_1_43' title='bbox 364 1722 471 1799; x_wconf 88' lang='lat' dir='ltr'><strong>bouis</strong></span> <span class='ocrx_word' id='word_1_44' title='bbox 496 1726 643 1800; x_wconf 82' lang='lat' dir='ltr'><strong>refertas</strong></span> <span class='ocrx_word' id='word_1_45' title='bbox 665 1726 801 1801; x_wconf 84' lang='lat' dir='ltr'><strong>habere</strong></span> <span class='ocrx_word' id='word_1_46' title='bbox 825 1740 1051 1827; x_wconf 81' lang='lat' dir='ltr'><strong>putarentur.</strong></span> <span class='ocrx_word' id='word_1_47' title='bbox 1080 1730 1185 1802; x_wconf 77' lang='lat' dir='ltr'><strong>Caesis</strong></span> <span class='ocrx_word' id='word_1_48' title='bbox 1211 1730 1310 1803; x_wconf 92' lang='lat' dir='ltr'><strong>enim</strong></span> <span class='ocrx_word' id='word_1_49' title='bbox 1333 1756 1426 1829; x_wconf 89' lang='lat' dir='ltr'><strong>quos</strong></span> 
     </span>
     <span class='ocr_line' id='line_1_9' title="bbox 364 1840 1425 1947; baseline 0.007 -33"><span class='ocrx_word' id='word_1_50' title='bbox 364 1840 551 1936; x_wconf 88' lang='lat' dir='ltr'><strong>volebant,</strong></span> <span class='ocrx_word' id='word_1_51' title='bbox 571 1842 701 1916; x_wconf 88' lang='lat' dir='ltr'><strong>domos</strong></span> <span class='ocrx_word' id='word_1_52' title='bbox 722 1867 916 1935; x_wconf 78' lang='lat' dir='ltr'><strong>caesorum,</strong></span> <span class='ocrx_word' id='word_1_53' title='bbox 938 1842 1075 1943; x_wconf 89' lang='lat' dir='ltr'><strong>absque</strong></span> <span class='ocrx_word' id='word_1_54' title='bbox 1096 1842 1171 1915; x_wconf 92' lang='lat' dir='ltr'><strong>ullo</strong></span> <span class='ocrx_word' id='word_1_55' title='bbox 1192 1846 1338 1938; x_wconf 90' lang='lat' dir='ltr'><strong>ordine,</strong></span> <span class='ocrx_word' id='word_1_56' title='bbox 1357 1872 1425 1947; x_wconf 92' lang='lat' dir='ltr'><strong>pro</strong></span> 
     </span>
     <span class='ocr_line' id='line_1_10' title="bbox 363 1954 1426 2061; baseline 0.008 -32"><span class='ocrx_word' id='word_1_57' title='bbox 363 1954 466 2031; x_wconf 91' lang='lat' dir='ltr'><strong>libito</strong></span> <span class='ocrx_word' id='word_1_58' title='bbox 479 1957 708 2059; x_wconf 87' lang='lat' dir='ltr'><strong>diripiebant,</strong></span> <span class='ocrx_word' id='word_1_59' title='bbox 719 1974 754 2032; x_wconf 91' lang='lat' dir='ltr'><strong>et</strong></span> <span class='ocrx_word' id='word_1_60' title='bbox 765 1974 914 2060; x_wconf 91' lang='lat' dir='ltr'><strong>propter</strong></span> <span class='ocrx_word' id='word_1_61' title='bbox 926 1959 1161 2060; x_wconf 73' lang='lat' dir='ltr'><strong>prodasinter</strong></span> <span class='ocrx_word' id='word_1_62' title='bbox 1170 1958 1235 2061; x_wconf 89' lang='lat' dir='ltr'><strong>[se]</strong></span> <span class='ocrx_word' id='word_1_63' title='bbox 1245 1960 1426 2037; x_wconf 88' lang='lat' dir='ltr'><strong>decertan-</strong></span> 
     </span>
     <span class='ocr_line' id='line_1_11' title="bbox 363 2074 1425 2169; baseline 0.008 -23"><span class='ocrx_word' id='word_1_64' title='bbox 363 2085 416 2145; x_wconf 91' lang='lat' dir='ltr'><strong>tes</strong></span> <span class='ocrx_word' id='word_1_65' title='bbox 432 2097 475 2147; x_wconf 89' lang='lat' dir='ltr'><strong>ac</strong></span> <span class='ocrx_word' id='word_1_66' title='bbox 486 2074 715 2168; x_wconf 77' lang='lat' dir='ltr'><strong>dimicantes,</strong></span> <span class='ocrx_word' id='word_1_67' title='bbox 728 2101 804 2151; x_wconf 87' lang='lat' dir='ltr'><strong>sese</strong></span> <span class='ocrx_word' id='word_1_68' title='bbox 819 2076 927 2151; x_wconf 91' lang='lat' dir='ltr'><strong>etiarn</strong></span> <span class='ocrx_word' id='word_1_69' title='bbox 939 2076 1138 2169; x_wconf 85' lang='lat' dir='ltr'><strong>interdum,</strong></span> <span class='ocrx_word' id='word_1_70' title='bbox 1156 2077 1268 2151; x_wconf 86' lang='lat' dir='ltr'><strong>instar</strong></span> <span class='ocrx_word' id='word_1_71' title='bbox 1281 2078 1425 2154; x_wconf 89' lang='lat' dir='ltr'><strong>rabido·</strong></span> 
     </span>
     <span class='ocr_line' id='line_1_12' title="bbox 364 2191 1133 2292; baseline 0.005 -31"><span class='ocrx_word' id='word_1_72' title='bbox 364 2212 446 2261; x_wconf 95' lang='lat' dir='ltr'><strong>rum</strong></span> <span class='ocrx_word' id='word_1_73' title='bbox 461 2214 607 2284; x_wconf 85' lang='lat' dir='ltr'><strong>canum,</strong></span> <span class='ocrx_word' id='word_1_74' title='bbox 626 2191 831 2267; x_wconf 88' lang='lat' dir='ltr'><strong>lacerabant</strong></span> <span class='ocrx_word' id='word_1_75' title='bbox 846 2207 883 2265; x_wconf 89' lang='lat' dir='ltr'><strong>et</strong></span> <span class='ocrx_word' id='word_1_76' title='bbox 896 2192 1133 2292; x_wconf 80' lang='lat' dir='ltr'><strong>perimebant.</strong></span> 
     </span>
    </p>

    <p class='ocr_par' dir='ltr' id='par_1_3' title="bbox 307 2306 1425 3777">
     <span class='ocr_line' id='line_1_13' title="bbox 411 2306 1425 2412; baseline 0.006 -33"><span class='ocrx_word' id='word_1_77' title='bbox 411 2308 455 2379; x_wconf 85' lang='lat' dir='ltr'><strong>Et</strong></span> <span class='ocrx_word' id='word_1_78' title='bbox 475 2306 617 2381; x_wconf 87' lang='lat' dir='ltr'><strong>duravit</strong></span> <span class='ocrx_word' id='word_1_79' title='bbox 633 2306 780 2407; x_wconf 90' lang='lat' dir='ltr'><strong>quidem</strong></span> <span class='ocrx_word' id='word_1_80' title='bbox 799 2308 876 2382; x_wconf 82' lang='lat' dir='ltr'><strong>hacc</strong></span> <span class='ocrx_word' id='word_1_81' title='bbox 891 2310 1000 2409; x_wconf 88' lang='lat' dir='ltr'><strong>pestis</strong></span> <span class='ocrx_word' id='word_1_82' title='bbox 1015 2310 1053 2382; x_wconf 93' lang='lat' dir='ltr'><strong>in</strong></span> <span class='ocrx_word' id='word_1_83' title='bbox 1068 2308 1128 2381; x_wconf 87' lang='lat' dir='ltr'><strong>illa</strong></span> <span class='ocrx_word' id='word_1_84' title='bbox 1147 2310 1243 2407; x_wconf 84' lang='lat' dir='ltr'><strong>regia</strong></span> <span class='ocrx_word' id='word_1_85' title='bbox 1258 2310 1347 2385; x_wconf 90' lang='lat' dir='ltr'><strong>urbe</strong></span> <span class='ocrx_word' id='word_1_86' title='bbox 1359 2336 1425 2412; x_wconf 90' lang='lat' dir='ltr'><strong>per</strong></span> 
     </span>
     <span class='ocr_line' id='line_1_14' title="bbox 363 2418 1424 2521; baseline 0.009 -28"><span class='ocrx_word' id='word_1_87' title='bbox 363 2418 439 2494; x_wconf 90' lang='lat' dir='ltr'><strong>dies</strong></span> <span class='ocrx_word' id='word_1_88' title='bbox 460 2420 652 2521; x_wconf 91' lang='lat' dir='ltr'><strong>plurimos,</strong></span> <span class='ocrx_word' id='word_1_89' title='bbox 677 2424 736 2496; x_wconf 91' lang='lat' dir='ltr'><strong>cui</strong></span> <span class='ocrx_word' id='word_1_90' title='bbox 758 2423 983 2496; x_wconf 85' lang='lat' dir='ltr'><strong>honestiores</strong></span> <span class='ocrx_word' id='word_1_91' title='bbox 1007 2423 1122 2514; x_wconf 82' lang='lat' dir='ltr'><strong>cives,</strong></span> <span class='ocrx_word' id='word_1_92' title='bbox 1145 2423 1278 2521; x_wconf 80' lang='lat' dir='ltr'><strong>quibus</strong></span> <span class='ocrx_word' id='word_1_93' title='bbox 1300 2450 1343 2500; x_wconf 92' lang='lat' dir='ltr'><strong>ea</strong></span> <span class='ocrx_word' id='word_1_94' title='bbox 1367 2453 1424 2502; x_wconf 86' lang='lat' dir='ltr'><strong>res</strong></span> 
     </span>
     <span class='ocr_line' id='line_1_15' title="bbox 363 2530 1423 2641; baseline 0.009 -32"><span class='ocrx_word' id='word_1_95' title='bbox 363 2538 591 2614; x_wconf 85' lang='lat' dir='ltr'><strong>vehementer</strong></span> <span class='ocrx_word' id='word_1_96' title='bbox 598 2539 819 2641; x_wconf 90' lang='lat' dir='ltr'><strong>displicebat,</strong></span> <span class='ocrx_word' id='word_1_97' title='bbox 827 2554 862 2615; x_wconf 90' lang='lat' dir='ltr'><strong>et</strong></span> <span class='ocrx_word' id='word_1_98' title='bbox 869 2542 996 2614; x_wconf 87' lang='lat' dir='ltr'><strong>terrori</strong></span> <span class='ocrx_word' id='word_1_99' title='bbox 1003 2530 1423 2639; x_wconf 79' lang='lat' dir='ltr'><strong>atquehorrorimaxime</strong></span> 
     </span>
     <span class='ocr_line' id='line_1_16' title="bbox 362 2656 1424 2758; baseline 0.008 -31"><span class='ocrx_word' id='word_1_100' title='bbox 362 2670 453 2747; x_wconf 89' lang='lat' dir='ltr'><strong>erat,</strong></span> <span class='ocrx_word' id='word_1_101' title='bbox 472 2657 672 2731; x_wconf 89' lang='lat' dir='ltr'><strong>remedium</strong></span> <span class='ocrx_word' id='word_1_102' title='bbox 695 2683 770 2731; x_wconf 93' lang='lat' dir='ltr'><strong>non</strong></span> <span class='ocrx_word' id='word_1_103' title='bbox 792 2672 959 2758; x_wconf 83' lang='lat' dir='ltr'><strong>poterant</strong></span> <span class='ocrx_word' id='word_1_104' title='bbox 978 2657 1171 2750; x_wconf 75' lang='lat' dir='ltr'><strong>adhibere,</strong></span> <span class='ocrx_word' id='word_1_105' title='bbox 1196 2656 1316 2731; x_wconf 90' lang='lat' dir='ltr'><strong>donec</strong></span> <span class='ocrx_word' id='word_1_106' title='bbox 1334 2685 1424 2735; x_wconf 89' lang='lat' dir='ltr'><strong>con·</strong></span> 
     </span>
     <span class='ocr_line' id='line_1_17' title="bbox 307 2771 1422 2873; baseline 0.003 -26"><span class='ocrx_word' id='word_1_107' title='bbox 307 2826 316 2847; x_wconf 83' lang='grc'><strong>.</strong></span> <span class='ocrx_word' id='word_1_108' title='bbox 362 2772 455 2843; x_wconf 89' lang='lat' dir='ltr'><strong>sulto</strong></span> <span class='ocrx_word' id='word_1_109' title='bbox 480 2771 689 2870; x_wconf 89' lang='lat' dir='ltr'><strong>hujusmodi</strong></span> <span class='ocrx_word' id='word_1_110' title='bbox 716 2775 926 2847; x_wconf 90' lang='lat' dir='ltr'><strong>sicariorum</strong></span> <span class='ocrx_word' id='word_1_111' title='bbox 942 2773 1062 2863; x_wconf 88' lang='lat' dir='ltr'><strong>turba,</strong></span> <span class='ocrx_word' id='word_1_112' title='bbox 1080 2773 1127 2847; x_wconf 87' lang='lat' dir='ltr'><strong>ad</strong></span> <span class='ocrx_word' id='word_1_113' title='bbox 1143 2776 1422 2873; x_wconf 84' lang='lat' dir='ltr'><strong>expugnandum</strong></span> 
     </span>
     <span class='ocr_line' id='line_1_18' title="bbox 362 2886 1423 2988; baseline 0.008 -29"><span class='ocrx_word' id='word_1_114' title='bbox 362 2886 547 2983; x_wconf 83' lang='lat' dir='ltr'><strong>quoddam</strong></span> <span class='ocrx_word' id='word_1_115' title='bbox 560 2892 949 2982; x_wconf 86' lang='lat' dir='ltr'><strong>castrum,mitterctur,</strong></span> <span class='ocrx_word' id='word_1_116' title='bbox 961 2915 1036 2963; x_wconf 96' lang='lat' dir='ltr'><strong>non</strong></span> <span class='ocrx_word' id='word_1_117' title='bbox 1048 2889 1156 2988; x_wconf 85' lang='lat' dir='ltr'><strong>longe</strong></span> <span class='ocrx_word' id='word_1_118' title='bbox 1168 2889 1215 2963; x_wconf 88' lang='lat' dir='ltr'><strong>ab</strong></span> <span class='ocrx_word' id='word_1_119' title='bbox 1224 2890 1423 2986; x_wconf 91' lang='lat' dir='ltr'><strong>urbe¹,ubi</strong></span> 
     </span>
     <span class='ocr_line' id='line_1_19' title="bbox 363 3006 1419 3107; baseline 0.007 -33"><span class='ocrx_word' id='word_1_120' title='bbox 363 3027 492 3101; x_wconf 83' lang='lat' dir='ltr'><strong>magna</strong></span> <span class='ocrx_word' id='word_1_121' title='bbox 514 3030 644 3080; x_wconf 91' lang='lat' dir='ltr'><strong>manus</strong></span> <span class='ocrx_word' id='word_1_122' title='bbox 665 3032 811 3098; x_wconf 90' lang='lat' dir='ltr'><strong>eorum,</strong></span> <span class='ocrx_word' id='word_1_123' title='bbox 836 3009 899 3106; x_wconf 87' lang='lat' dir='ltr'><strong>qui</strong></span> <span class='ocrx_word' id='word_1_124' title='bbox 915 3006 1115 3081; x_wconf 77' lang='lat' dir='ltr'><strong>Armeniaci</strong></span> <span class='ocrx_word' id='word_1_125' title='bbox 1134 3007 1419 3107; x_wconf 83' lang='lat' dir='ltr'><strong>appellabantur,</strong></span> 
     </span>
     <span class='ocr_line' id='line_1_20' title="bbox 360 3121 1423 3222; baseline 0.007 -30"><span class='ocrx_word' id='word_1_126' title='bbox 360 3121 575 3213; x_wconf 82' lang='lat' dir='ltr'><strong>consistens,</strong></span> <span class='ocrx_word' id='word_1_127' title='bbox 604 3123 716 3197; x_wconf 91' lang='lat' dir='ltr'><strong>multa</strong></span> <span class='ocrx_word' id='word_1_128' title='bbox 741 3124 946 3222; x_wconf 86' lang='lat' dir='ltr'><strong>gravamina</strong></span> <span class='ocrx_word' id='word_1_129' title='bbox 970 3124 1093 3221; x_wconf 82' lang='lat' dir='ltr'><strong>patriae</strong></span> <span class='ocrx_word' id='word_1_130' title='bbox 1116 3134 1152 3195; x_wconf 90' lang='lat' dir='ltr'><strong>et</strong></span> <span class='ocrx_word' id='word_1_131' title='bbox 1179 3123 1263 3196; x_wconf 91' lang='lat' dir='ltr'><strong>urbi</strong></span> <span class='ocrx_word' id='word_1_132' title='bbox 1292 3126 1423 3200; x_wconf 85' lang='lat' dir='ltr'><strong>inferre</strong></span> 
     </span>
     <span class='ocr_line' id='line_1_21' title="bbox 361 3237 1422 3338; baseline 0.008 -33"><span class='ocrx_word' id='word_1_133' title='bbox 361 3258 435 3307; x_wconf 91' lang='lat' dir='ltr'><strong>non</strong></span> <span class='ocrx_word' id='word_1_134' title='bbox 459 3238 632 3313; x_wconf 87' lang='lat' dir='ltr'><strong>cessabat.</strong></span> <span class='ocrx_word' id='word_1_135' title='bbox 653 3243 734 3328; x_wconf 92' lang='lat' dir='ltr'><strong>Quo</strong></span> <span class='ocrx_word' id='word_1_136' title='bbox 752 3239 833 3313; x_wconf 93' lang='lat' dir='ltr'><strong>loco</strong></span> <span class='ocrx_word' id='word_1_137' title='bbox 856 3237 988 3338; x_wconf 86' lang='lat' dir='ltr'><strong>partim</strong></span> <span class='ocrx_word' id='word_1_138' title='bbox 1014 3238 1110 3327; x_wconf 67' lang='lat' dir='ltr'><strong>mi,</strong></span> <span class='ocrx_word' id='word_1_139' title='bbox 1135 3240 1266 3335; x_wconf 84' lang='lat' dir='ltr'><strong>partim</strong></span> <span class='ocrx_word' id='word_1_140' title='bbox 1288 3240 1356 3313; x_wconf 85' lang='lat' dir='ltr'><strong>fusi</strong></span> <span class='ocrx_word' id='word_1_141' title='bbox 1379 3264 1422 3315; x_wconf 87' lang='lat' dir='ltr'><strong>ac</strong></span> 
     </span>
     <span class='ocr_line' id='line_1_22' title="bbox 360 3349 1421 3453; baseline 0.006 -30"><span class='ocrx_word' id='word_1_142' title='bbox 360 3349 530 3452; x_wconf 88' lang='lat' dir='ltr'><strong>dispersi,</strong></span> <span class='ocrx_word' id='word_1_143' title='bbox 549 3380 633 3429; x_wconf 91' lang='lat' dir='ltr'><strong>curn</strong></span> <span class='ocrx_word' id='word_1_144' title='bbox 649 3380 776 3429; x_wconf 90' lang='lat' dir='ltr'><strong>eorum</strong></span> <span class='ocrx_word' id='word_1_145' title='bbox 792 3354 950 3453; x_wconf 82' lang='lat' dir='ltr'><strong>reliquiae</strong></span> <span class='ocrx_word' id='word_1_146' title='bbox 965 3352 1013 3426; x_wconf 92' lang='lat' dir='ltr'><strong>ad</strong></span> <span class='ocrx_word' id='word_1_147' title='bbox 1029 3352 1158 3426; x_wconf 90' lang='lat' dir='ltr'><strong>urbem</strong></span> <span class='ocrx_word' id='word_1_148' title='bbox 1179 3368 1305 3452; x_wconf 85' lang='lat' dir='ltr'><strong>postea</strong></span> <span class='ocrx_word' id='word_1_149' title='bbox 1320 3355 1421 3428; x_wconf 89' lang='lat' dir='ltr'><strong>redi-</strong></span> 
     </span>
     <span class='ocr_line' id='line_1_23' title="bbox 360 3470 1422 3569; baseline 0.002 -28"><span class='ocrx_word' id='word_1_150' title='bbox 360 3480 453 3562; x_wconf 86' lang='lat' dir='ltr'><strong>rent,</strong></span> <span class='ocrx_word' id='word_1_151' title='bbox 466 3472 648 3569; x_wconf 80' lang='lat' dir='ltr'><strong>provisum</strong></span> <span class='ocrx_word' id='word_1_152' title='bbox 658 3486 779 3563; x_wconf 87' lang='lat' dir='ltr'><strong>est,ne</strong></span> <span class='ocrx_word' id='word_1_153' title='bbox 789 3484 887 3545; x_wconf 89' lang='lat' dir='ltr'><strong>tanta</strong></span> <span class='ocrx_word' id='word_1_154' title='bbox 894 3470 966 3562; x_wconf 90' lang='lat' dir='ltr'><strong>eis,</strong></span> <span class='ocrx_word' id='word_1_155' title='bbox 978 3482 1019 3541; x_wconf 89' lang='lat' dir='ltr'><strong>ut</strong></span> <span class='ocrx_word' id='word_1_156' title='bbox 1027 3484 1145 3560; x_wconf 90' lang='lat' dir='ltr'><strong>antea,</strong></span> <span class='ocrx_word' id='word_1_157' title='bbox 1156 3470 1422 3569; x_wconf 90' lang='lat' dir='ltr'><strong>permitteretur</strong></span> 
     </span>
     <span class='ocr_line' id='line_1_24' title="bbox 360 3580 1420 3687; baseline 0.006 -32"><span class='ocrx_word' id='word_1_158' title='bbox 360 3580 514 3659; x_wconf 88' lang='lat' dir='ltr'><strong>licentia.</strong></span> <span class='ocrx_word' id='word_1_159' title='bbox 536 3590 578 3661; x_wconf 78' lang='lat' dir='ltr'><strong>lit</strong></span> <span class='ocrx_word' id='word_1_160' title='bbox 595 3590 646 3663; x_wconf 92' lang='lat' dir='ltr'><strong>sic</strong></span> <span class='ocrx_word' id='word_1_161' title='bbox 670 3587 842 3687; x_wconf 87' lang='lat' dir='ltr'><strong>paulatim</strong></span> <span class='ocrx_word' id='word_1_162' title='bbox 856 3610 984 3659; x_wconf 89' lang='lat' dir='ltr'><strong>omnes</strong></span> <span class='ocrx_word' id='word_1_163' title='bbox 1002 3608 1105 3685; x_wconf 84' lang='lat' dir='ltr'><strong>paene</strong></span> <span class='ocrx_word' id='word_1_164' title='bbox 1125 3584 1177 3657; x_wconf 90' lang='lat' dir='ltr'><strong>illi</strong></span> <span class='ocrx_word' id='word_1_165' title='bbox 1196 3587 1420 3661; x_wconf 80' lang='lat' dir='ltr'><strong>exterminati</strong></span> 
     </span>
     <span class='ocr_line' id='line_1_25' title="bbox 358 3697 921 3777; baseline 0.014 -8"><span class='ocrx_word' id='word_1_166' title='bbox 358 3697 514 3777; x_wconf 85' lang='lat' dir='ltr'><strong>fuerunt.</strong></span> <span class='ocrx_word' id='word_1_167' title='bbox 919 3718 921 3727; x_wconf 83' lang='grc'>’</span> 
     </span>
    </p>

    <p class='ocr_par' dir='ltr' id='par_1_4' title="bbox 359 3816 1424 4263">
     <span class='ocr_line' id='line_1_26' title="bbox 408 3816 1418 3919; baseline 0.002 -30"><span class='ocrx_word' id='word_1_168' title='bbox 408 3819 554 3891; x_wconf 83' lang='lat' dir='ltr'><strong>latravit</strong></span> <span class='ocrx_word' id='word_1_169' title='bbox 569 3819 675 3891; x_wconf 87' lang='lat' dir='ltr'><strong>etiam</strong></span> <span class='ocrx_word' id='word_1_170' title='bbox 692 3832 774 3919; x_wconf 95' lang='lat' dir='ltr'><strong>post</strong></span> <span class='ocrx_word' id='word_1_171' title='bbox 788 3818 866 3890; x_wconf 85' lang='lat' dir='ltr'><strong>haec</strong></span> <span class='ocrx_word' id='word_1_172' title='bbox 887 3816 1016 3891; x_wconf 89' lang='lat' dir='ltr'><strong>urbem</strong></span> <span class='ocrx_word' id='word_1_173' title='bbox 1033 3818 1328 3917; x_wconf 83' lang='lat' dir='ltr'><strong>Burgundionum</strong></span> <span class='ocrx_word' id='word_1_174' title='bbox 1344 3817 1418 3891; x_wconf 83' lang='lat' dir='ltr'><strong>dux</strong></span> 
     </span>
     <span class='ocr_line' id='line_1_27' title="bbox 359 3928 1424 4033; baseline 0.001 -29"><span class='ocrx_word' id='word_1_175' title='bbox 359 3936 549 4025; x_wconf 78' lang='lat' dir='ltr'><strong>loannes&#39;,</strong></span> <span class='ocrx_word' id='word_1_176' title='bbox 569 3935 650 4033; x_wconf 89' lang='lat' dir='ltr'><strong>qui,</strong></span> <span class='ocrx_word' id='word_1_177' title='bbox 669 3958 753 4009; x_wconf 92' lang='lat' dir='ltr'><strong>cum</strong></span> <span class='ocrx_word' id='word_1_178' title='bbox 775 3932 934 4032; x_wconf 86' lang='lat' dir='ltr'><strong>quodam</strong></span> <span class='ocrx_word' id='word_1_179' title='bbox 959 3931 1039 4025; x_wconf 88' lang='lat' dir='ltr'><strong>dic,</strong></span> <span class='ocrx_word' id='word_1_180' title='bbox 1067 3958 1133 4031; x_wconf 91' lang='lat' dir='ltr'><strong>per</strong></span> <span class='ocrx_word' id='word_1_181' title='bbox 1146 3933 1247 4006; x_wconf 68' lang='lat' dir='ltr'><strong>noos</strong></span> <span class='ocrx_word' id='word_1_182' title='bbox 1269 3928 1424 4005; x_wconf 80' lang='lat' dir='ltr'><strong>civitatis</strong></span> 
     </span>
     <span class='ocr_line' id='line_1_28' title="bbox 359 4048 1414 4148; baseline -0.001 -26"><span class='ocrx_word' id='word_1_183' title='bbox 359 4072 455 4148; x_wconf 88' lang='lat' dir='ltr'><strong>equo</strong></span> <span class='ocrx_word' id='word_1_184' title='bbox 480 4065 620 4142; x_wconf 86' lang='lat' dir='ltr'><strong>vectus,</strong></span> <span class='ocrx_word' id='word_1_185' title='bbox 654 4052 799 4125; x_wconf 89' lang='lat' dir='ltr'><strong>obviarn</strong></span> <span class='ocrx_word' id='word_1_186' title='bbox 833 4049 1016 4123; x_wconf 84' lang='lat' dir='ltr'><strong>habuisset</strong></span> <span class='ocrx_word' id='word_1_187' title='bbox 1043 4061 1216 4122; x_wconf 89' lang='lat' dir='ltr'><strong>tortorem</strong></span> <span class='ocrx_word' id='word_1_188' title='bbox 1242 4048 1414 4141; x_wconf 82' lang='lat' dir='ltr'><strong>civitatis,</strong></span> 
     </span>
     <span class='ocr_line' id='line_1_29' title="bbox 359 4163 1416 4263; baseline 0.002 -26"><span class='ocrx_word' id='word_1_189' title='bbox 359 4179 600 4263; x_wconf 86' lang='lat' dir='ltr'><strong>cognomento</strong></span> <span class='ocrx_word' id='word_1_190' title='bbox 622 4164 836 4263; x_wconf 67' lang='lat' dir='ltr'><strong>caparacie,</strong></span> <span class='ocrx_word' id='word_1_191' title='bbox 861 4164 975 4238; x_wconf 90' lang='lat' dir='ltr'><strong>multa</strong></span> <span class='ocrx_word' id='word_1_192' title='bbox 997 4163 1178 4239; x_wconf 86' lang='lat' dir='ltr'><strong>dictorum</strong></span> <span class='ocrx_word' id='word_1_193' title='bbox 1207 4166 1416 4239; x_wconf 86' lang='lat' dir='ltr'><strong>sicariorum</strong></span> 
     </span>
    </p>
   </div>
   <div class='ocr_carea' id='block_1_3' title="bbox 358 4373 1416 4725">
    <p class='ocr_par' dir='ltr' id='par_1_5' title="bbox 358 4373 1416 4545">
     <span class='ocr_line' id='line_1_30' title="bbox 398 4373 1416 4457; baseline 0 -22"><span class='ocrx_word' id='word_1_194' title='bbox 398 4378 428 4437; x_wconf 99' lang='grc'><strong>1.</strong></span> <span class='ocrx_word' id='word_1_195' title='bbox 450 4376 474 4435; x_wconf 94' lang='lat' dir='ltr'><strong>1l</strong></span> <span class='ocrx_word' id='word_1_196' title='bbox 492 4374 576 4457; x_wconf 76' lang='lat' dir='ltr'><strong>a’agit</strong></span> <span class='ocrx_word' id='word_1_197' title='bbox 594 4373 636 4436; x_wconf 86' lang='lat' dir='ltr'><strong>du</strong></span> <span class='ocrx_word' id='word_1_198' title='bbox 654 4375 776 4438; x_wconf 77' lang='lat' dir='ltr'><strong>chlteau</strong></span> <span class='ocrx_word' id='word_1_199' title='bbox 800 4374 838 4437; x_wconf 85' lang='lat' dir='ltr'><strong>de</strong></span> <span class='ocrx_word' id='word_1_200' title='bbox 857 4373 1033 4455; x_wconf 68' lang='lat' dir='ltr'><strong>nandhtq.</strong></span> <span class='ocrx_word' id='word_1_201' title='bbox 1055 4378 1128 4455; x_wconf 77' lang='lat' dir='ltr'><strong>Voy.</strong></span> <span class='ocrx_word' id='word_1_202' title='bbox 1155 4374 1185 4435; x_wconf 80' lang='lat' dir='ltr'><strong>lo</strong></span> <span class='ocrx_word' id='word_1_203' title='bbox 1203 4379 1328 4435; x_wconf 78' lang='lat' dir='ltr'><strong>Joamat</strong></span> <span class='ocrx_word' id='word_1_204' title='bbox 1345 4375 1416 4436; x_wconf 78' lang='lat' dir='ltr'><strong>d‘aa</strong></span> 
     </span>
     <span class='ocr_line' id='line_1_31' title="bbox 358 4462 846 4545; baseline 0.006 -22"><span class='ocrx_word' id='word_1_205' title='bbox 358 4462 502 4545; x_wconf 78' lang='lat' dir='ltr'><strong>bourgeois</strong></span> <span class='ocrx_word' id='word_1_206' title='bbox 510 4469 549 4523; x_wconf 81' lang='lat' dir='ltr'><strong>de</strong></span> <span class='ocrx_word' id='word_1_207' title='bbox 561 4469 658 4541; x_wconf 79' lang='lat' dir='ltr'><strong>Paris,</strong></span> <span class='ocrx_word' id='word_1_208' title='bbox 674 4469 744 4526; x_wconf 74' lang='lat' dir='ltr'><strong>norit</strong></span> <span class='ocrx_word' id='word_1_209' title='bbox 756 4468 846 4527; x_wconf 78' lang='grc'><strong>1118.</strong></span> 
     </span>
    </p>

    <p class='ocr_par' dir='ltr' id='par_1_6' title="bbox 358 4551 1415 4725">
     <span class='ocr_line' id='line_1_32' title="bbox 398 4551 1415 4637; baseline 0.005 -24"><span class='ocrx_word' id='word_1_210' title='bbox 398 4556 428 4613; x_wconf 79' lang='grc'><strong>1.</strong></span> <span class='ocrx_word' id='word_1_211' title='bbox 449 4554 583 4614; x_wconf 76' lang='lat' dir='ltr'><strong>L&#39;eutree</strong></span> <span class='ocrx_word' id='word_1_212' title='bbox 591 4552 633 4613; x_wconf 88' lang='lat' dir='ltr'><strong>du</strong></span> <span class='ocrx_word' id='word_1_213' title='bbox 641 4551 698 4614; x_wconf 87' lang='lat' dir='ltr'><strong>duc</strong></span> <span class='ocrx_word' id='word_1_214' title='bbox 710 4554 747 4613; x_wconf 85' lang='lat' dir='ltr'><strong>de</strong></span> <span class='ocrx_word' id='word_1_215' title='bbox 759 4558 932 4635; x_wconf 80' lang='lat' dir='ltr'><strong>Bourgogne</strong></span> <span class='ocrx_word' id='word_1_216' title='bbox 945 4552 1062 4615; x_wconf 86' lang='lat' dir='ltr'><strong>eutlieu</strong></span> <span class='ocrx_word' id='word_1_217' title='bbox 1076 4554 1105 4613; x_wconf 91' lang='lat' dir='ltr'><strong>le</strong></span> <span class='ocrx_word' id='word_1_218' title='bbox 1116 4557 1155 4614; x_wconf 83' lang='grc'><strong>11</strong></span> <span class='ocrx_word' id='word_1_219' title='bbox 1165 4554 1271 4629; x_wconf 85' lang='lat' dir='ltr'><strong>juillet,</strong></span> <span class='ocrx_word' id='word_1_220' title='bbox 1286 4556 1353 4637; x_wconf 78' lang='lat' dir='ltr'><strong>(inq</strong></span> <span class='ocrx_word' id='word_1_221' title='bbox 1366 4576 1415 4618; x_wconf 80' lang='lat' dir='ltr'><strong>se-</strong></span> 
     </span>
     <span class='ocr_line' id='line_1_33' title="bbox 358 4642 1293 4725; baseline 0.004 -19"><span class='ocrx_word' id='word_1_222' title='bbox 358 4644 467 4706; x_wconf 72' lang='lat' dir='ltr'><strong>mina</strong></span> <span class='ocrx_word' id='word_1_223' title='bbox 479 4657 568 4705; x_wconf 80' lang='lat' dir='ltr'><strong>avant</strong></span> <span class='ocrx_word' id='word_1_224' title='bbox 579 4644 608 4705; x_wconf 77' lang='lat' dir='ltr'><strong>la</strong></span> <span class='ocrx_word' id='word_1_225' title='bbox 616 4642 719 4725; x_wconf 75' lang='lat' dir='ltr'><strong>depart</strong></span> <span class='ocrx_word' id='word_1_226' title='bbox 729 4644 768 4705; x_wconf 85' lang='lat' dir='ltr'><strong>de</strong></span> <span class='ocrx_word' id='word_1_227' title='bbox 777 4642 963 4725; x_wconf 72' lang='lat' dir='ltr'><strong>l&#39;expedition</strong></span> <span class='ocrx_word' id='word_1_228' title='bbox 978 4642 1017 4705; x_wconf 79' lang='lat' dir='ltr'><strong>de</strong></span> <span class='ocrx_word' id='word_1_229' title='bbox 1027 4643 1201 4724; x_wconf 67' lang='lat' dir='ltr'><strong>llontlhery.</strong></span> <span class='ocrx_word' id='word_1_230' title='bbox 1216 4644 1293 4711; x_wconf 77' lang='lat' dir='ltr'><strong>lbr&#39;d.</strong></span> 
     </span>
    </p>
   </div>
   <div class='ocr_carea' id='block_1_4' title="bbox 0 0 1950 5892">
    <p class='ocr_par' dir='ltr' id='par_1_7' title="bbox 0 0 1950 5892">
     <span class='ocr_line' id='line_1_34' title="bbox 0 0 1950 5892; baseline 0 4"><span class='ocrx_word' id='word_1_231' title='bbox 0 0 1950 5892; x_wconf 95' lang='lat' dir='ltr'><strong> </strong></span> 
     </span>
    </p>
   </div>
  </div>
 </body>
</html>
