3892 5892
725 925 841 1004 ornan
854 946 1056 1008 sacuuous.
1382 950 1420 1005 aa

363 1092 464 1168 paene
477 1066 672 1168 desperatis
690 1068 726 1140 in
743 1083 817 1141 tam
833 1069 1008 1153 secundas
1029 1095 1071 1143 ac
1090 1096 1298 1171 prosperas,
1316 1073 1422 1145 itaut

363 1208 447 1257 vere
463 1183 509 1256 de
527 1198 626 1257 tanta
641 1186 876 1258 conversione
891 1186 1042 1260 fortunae
1060 1187 1130 1260 dici
1146 1204 1289 1287 posset:
1308 1194 1422 1263 «Haec

363 1303 513 1375 mutatio
531 1302 683 1375 dexterae
705 1302 859 1391 Ercelsi,
882 1332 900 1372 n
918 1304 1085 1397 Carolus,
1103 1310 1322 1377 Francorum
1339 1332 1420 1395 rex,

364 1418 426 1516 qui
439 1417 606 1495 nondum
626 1420 795 1492 inunctus
808 1444 909 1493 more
928 1420 1302 1494 christianissimorum
1316 1428 1423 1495 Fran·

364 1558 491 1607 corum
517 1558 642 1631 regum
660 1534 864 1639 sueratnec
889 1538 988 1632 regio
1013 1535 1214 1609 diademate
1237 1538 1424 1634 insignitus

364 1674 426 1723 seu
456 1634 667 1743 coronatus,
694 1648 738 1723 eo
766 1650 865 1748 quod
897 1654 1090 1724 Remorum
1118 1652 1259 1741 civitas,
1286 1654 1323 1724 iu
1353 1678 1426 1751 qua

364 1790 464 1861 reges
480 1763 697 1857 consecrari,
711 1782 747 1839 et
761 1767 977 1844 Parisiorum
994 1756 1078 1839 urbs
1094 1783 1129 1840 et
1145 1766 1228 1839 villa
1240 1792 1304 1840 seu
1319 1770 1425 1868 oppi-

364 1881 451 1954 dum
479 1882 795 1979 Sancti-Diouysir',
816 1884 851 1953 in
874 1906 948 1979 quo
972 1884 1139 1956 coronari
1163 1907 1225 1955 eos
1244 1898 1425 1955 assuetum

364 2010 456 2089 erat,
473 1997 540 2070 sub
558 1996 749 2095 bogiorum
765 2013 940 2098 potestate
957 1998 1077 2072 adhuc
1093 2014 1321 2092 tenerentur,
1341 2024 1427 2072 con·
1456 2064 1464 2073 .

364 2114 486 2186 tractis
503 2113 663 2211 undique
684 2115 793 2187 totius
816 2116 913 2211 regni
942 2116 1055 2214 copiis
1078 2116 1233 2213 partium
1253 2140 1332 2212 quae
1356 2140 1428 2211 suae

365 2228 536 2302 suberant
561 2229 708 2321 ditioni,
729 2243 764 2302 et
779 2232 934 2302 exercitu
959 2254 1092 2327 magno
1109 2246 1343 2328 congregate,
1364 2231 1427 2303 de·

365 2346 476 2418 crevit
497 2360 619 2445 petere
643 2348 773 2417 Remos
797 2359 832 2416 et
852 2344 922 2417 itttc
945 2370 983 2417 se
1008 2345 1122 2418 iacere
1146 2347 1366 2437 consecrari,
1393 2362 1429 2419 et

366 2461 494 2533 exinde
509 2460 739 2533 parisiensem
758 2462 892 2559 regiam
905 2477 941 2533 et
956 2460 1131 2561 oppidum
1144 2462 1277 2560 praefati
1293 2463 1429 2534 Sancti·

366 2577 541 2674 Dionysii,
557 2578 594 2647 in
611 2602 686 2674 quo
704 2601 804 2649 more
822 2585 1001 2675 majorum
1016 2594 1051 2650 et
1065 2580 1336 2676 progenitorum
1349 2602 1430 2650 suo-

367 2716 449 2763 rum
466 2690 653 2764 celebriter
668 2716 706 2763 se
722 2690 853 2765 faceret
866 2694 1046 2764 coronari.
1068 2698 1257 2789 Aggressus
1267 2691 1348 2793 [est]
1364 2694 1429 2763 ita-

368 2832 438 2905 que
463 2812 606 2896 Trecas,
625 2809 828 2907 Campaniae
854 2807 999 2900 urbem,
1020 2807 1170 2880 consilio
1191 2822 1297 2905 atque
1322 2834 1431 2907 opera

369 2921 609 3021 probatissimi
629 2938 736 3020 atque
758 2924 1007 3023 sapientissimi
1025 2926 1091 2998 vi'ri
1111 2927 1268 3023 magistri
1285 2928 1433 2999 Joaunis

372 3038 469 3110 Acuti
482 3043 504 3128 ¹,
523 3038 585 3134 qui
602 3038 695 3110 ittius
719 3037 817 3111 urbis
843 3039 1085 3139 episcopalem
1109 3042 1317 3115 cathedram
1334 3058 1431 3115 tene·

370 3153 433 3225 bat
448 3166 484 3225 et
498 3152 735 3227 ecclesiastica
750 3169 895 3227 strenue
913 3171 948 3227 et
959 3155 1128 3229 nobiliter
1140 3157 1429 3250 administrabat3

372 3267 410 3338 in
428 3292 498 3365 qua
517 3266 606 3341 urbe
622 3292 705 3340 cunr
722 3292 813 3368 pace¹
831 3282 867 3340 et
891 3268 1009 3340 laetitia
1026 3284 1190 3368 receptus
1211 3286 1277 3343 est.
1298 3273 1434 3347 Exinde

369 3408 456 3456 vero
473 3373 709 3457 Catalaunum
736 3398 770 3455 et
793 3386 922 3455 Remos
938 3398 1082 3483 petens,
1101 3385 1246 3460 easdem
1269 3388 1378 3460 urbes
1400 3403 1434 3461 et

371 3512 484 3571 totam
506 3524 606 3599 paene
631 3499 880 3598 Campaniam,
903 3499 995 3572 facta
1018 3499 1220 3574 voluntaria
1236 3501 1433 3596 deditione,

290 3670 298 3683 .
372 3616 522 3713 recepit,
545 3615 681 3711 fuitque
704 3614 840 3707 Remis,
858 3638 943 3687 cum
965 3639 1098 3713 magno
1118 3617 1302 3717 triumpho
1327 3633 1362 3690 et
1379 3619 1435 3690 in·

373 3732 470 3829 genti
499 3737 718 3805 Francorum
746 3730 945 3822 alacritate,
971 3732 1054 3804 oleo
1079 3757 1182 3805 sacro
1208 3735 1376 3807 inunctus
1401 3749 1436 3807 et

373 3862 529 3919 sacratus
541 3852 565 3939 ²,
591 3848 785 3919 comitante
806 3872 948 3946 semper
970 3852 1110 3921 Joanna
1133 3848 1272 3944 Puella,
1292 3853 1329 3923 iu
1343 3852 1437 3924 virili

375 3976 469 4035 veste
481 3978 516 4035 et
530 3963 657 4049 urrnis,
677 3962 813 4060 regium
830 3964 1025 4035 exercitum
1041 3989 1124 4037 cum
1144 3967 1217 4039 suis
1235 3981 1318 4040 ante
1335 3967 1438 4040 dictis

375 4072 586 4151 militaribus
602 4079 725 4177 signis.

425 4190 558 4265 Volens
582 4206 703 4265 autem
725 4218 788 4266 rex
808 4206 843 4263 et
859 4191 944 4264 alias
964 4194 1065 4291 regni
1083 4193 1189 4268 urbes
1204 4212 1241 4269 et
1261 4197 1343 4270 ioca
1355 4224 1438 4297 pro·

377 4304 602 4405 vinciasque,
621 4334 699 4405 quae
715 4306 835 4380 adhuc
850 4305 918 4378 sub
940 4306 1100 4379 hostiurn
1125 4325 1227 4383 erant
1243 4327 1435 4411 potestate,

418 4502 448 4557 t.
471 4502 542 4557 Jean
561 4499 705 4580 Laiguisr'e.
721 4506 776 4561 Les
789 4515 906 4560 auteurs
920 4500 959 4559 du
979 4504 1078 4559 Gallia
1092 4502 1258 4563 Cdrr'str'ana
1273 4518 1325 4565 ont
1337 4508 1393 4567 citt
1405 4528 1439 4569 ce

378 4607 499 4669 passage
514 4588 585 4648 dans
597 4590 660 4649 teor
668 4592 763 4650 notice
776 4590 826 4651 des
838 4592 964 4669 &seques
977 4590 1015 4649 de
1027 4596 1146 4669 Troyes.
1160 4598 1193 4653 t.
1212 4598 1281 4670 XII,
1298 4617 1328 4677 p.
1345 4601 1378 4657 st
1387 4604 1417 4661 t.

418 4680 448 4739 2.
471 4680 512 4737 Le
526 4681 563 4739 tt
575 4678 670 4752 juillet
681 4681 770 4738 ttae.
