3892 5892
553 904 610 995 ris
831 942 1086 1009 nrsromuauu
1106 943 1242 1002 ciaon
1261 946 1313 1003 vn

552 1061 761 1135 Baiocenses
777 1062 867 1137 lines
888 1072 1146 1138 veteranorum
1163 1069 1275 1167 copiis
1296 1084 1442 1166 possent
1459 1070 1618 1168 conjun-

552 1200 647 1273 gere.
661 1177 751 1249 ¹Erat
765 1194 884 1251 autem
900 1182 935 1251 in
953 1206 997 1253 eo
1015 1186 1232 1254 Francorum
1251 1185 1409 1255 exercitu
1426 1184 1500 1255 dux
1518 1196 1618 1283 prae·

551 1295 678 1393 cipuus
693 1295 995 1379 Claromontensis
1011 1302 1158 1388 comes¹,
1171 1298 1263 1371 filius
1274 1300 1537 1397 primogenitus
1549 1302 1619 1373 du·

553 1409 603 1480 cis
627 1409 812 1499 Borbonii,
832 1436 941 1507 gener
961 1412 1077 1484 Caroli
1102 1418 1318 1486 Francorum
1339 1415 1448 1509 regis,
1468 1414 1618 1488 habens

551 1524 588 1594 in
612 1549 678 1595 suo
699 1525 869 1597 comitatu
886 1525 995 1598 duces
1012 1526 1167 1601 famosos
1183 1527 1371 1600 dominum
1394 1534 1543 1601 Petrum
1564 1530 1616 1603 de

551 1644 673 1729 Brea,
700 1640 911 1738 Floquetum
933 1655 968 1713 et
992 1642 1112 1742 plures
1134 1632 1241 1731 alios,
1262 1646 1324 1741 qui
1350 1644 1614 1717 instructorum

552 1758 703 1829 militurn
712 1760 927 1855 equestrium
936 1761 1057 1859 copias
1067 1759 1300 1833 validissimas
1315 1759 1517 1851 habebant,
1531 1786 1612 1833 non

551 1885 671 1943 tamen
695 1872 884 1969 aequabant
909 1899 1059 1947 numero
1087 1876 1280 1970 Anglorum
1302 1878 1516 1969 exercitum,
1546 1880 1612 1975 qui

551 1988 690 2059 circiter
704 1987 752 2060 ad
765 2004 901 2089 septem
920 1990 1030 2063 millia
1042 1989 1255 2064 bellatorum
1267 1991 1519 2065 (estimabatur.

888 2283 1138 2352 ctrtrutun
1163 2284 1285 2351 XXIV.

568 2528 572 2535 ¹
586 2464 732 2521 Conflictus
743 2465 812 2520 inter
829 2437 945 2520 Francos
959 2478 986 2519 et
1004 2465 1129 2539 Anglicor
1144 2464 1217 2537 apud
1228 2466 1317 2519 villam
1330 2464 1427 2519 dictam
1439 2468 1575 2539 Fomigny

653 2597 655 2600 -
770 2557 799 2609 in
808 2554 989 2621 Normannia,
1004 2555 1074 2609 etde
1089 2554 1227 2608 obsidione
1238 2554 1387 2637 baiocensi.

600 2718 691 2787 Cum
720 2714 827 2811 igitur
850 2714 1111 2787 contenderent
1142 2715 1225 2786 totis
1255 2712 1444 2787 conatibus
1471 2714 1607 2813 Anglici

553 2830 696 2901 Baiocas
722 2829 922 2926 perlingere
952 2827 1113 2925 undaque
1136 2830 1508 2925 jam,transivissent,‘
1528 2854 1607 2927 quae

551 2946 879 3017 Constantinumet
901 2944 1137 3016 Baiocismum
1158 2945 1324 3047 dividunt
1332 2949 1356 3037 ⁸,
1374 2946 1412 3017 in
1428 2945 1511 3019 villa
1528 2972 1606 3043 quae

550 3058 656 3152 vulgo
692 3059 956 3130 Forminiacum
981 3059 1192 3158 appellatur,
1215 3042 1333 3133 'tribus
1364 3076 1426 3133 aut
1450 3076 1607 3159 quatuor

549 3174 658 3246 leucis
677 3170 829 3246 distante
851 3175 1028 3248 acivitate
1046 3178 1199 3269 Baiocis,
1219 3182 1440 3250 Francorum
1456 3177 1527 3249 illic
1543 3202 1605 3249 eos

550 3290 722 3362 remorari
738 3291 854 3386 coegit
874 3282 1061 3363 exercitus.
1082 3292 1152 3380 Qui
1169 3315 1244 3363 sese
1266 3304 1392 3362 contra
1406 3306 1519 3363 castra
1536 3296 1605 3362 An·

551 3404 692 3502 giorum
709 3404 958 3508 admoventes,
978 3408 1048 3479 suis
1071 3406 1242 3479 ordinatis
1258 3406 1426 3503 utrinque
1443 3406 1600 3497 aciebus,

551 3550 794 3625 permagnam
817 3525 889 3598 diei
909 3542 1046 3625 partem
1065 3542 1191 3599 mutuo
1215 3551 1290 3599 sese
1303 3528 1447 3597 eminus
1463 3525 1604 3623 conspi-

552 3640 703 3713 ciebant.
732 3640 802 3712 Sed
828 3666 955 3713 cuma
982 3640 1198 3739 quibusdam
1218 3640 1492 3734 bombardellis‚
1516 3663 1603 3737 quas

551 3758 772 3855 serpentinas
784 3773 927 3846 vocant,
941 3758 1066 3829 Franci
1080 3771 1193 3828 castra
1205 3758 1398 3854 Anglorum
1409 3756 1603 3855 plurimum

551 3864 844 3961 damnificarent,
878 3887 1072 3970 eruperunt
1103 3874 1270 3945 ecastris
1296 3875 1490 3969 Anglorum
1521 3898 1603 3945 cum

552 3991 686 4087 impetu
712 3988 832 4061 valido
861 3988 1003 4060 circiter
1029 3988 1215 4086 quingenti
1238 3989 1424 4083 sagittarii3
1457 3989 1520 4086 qui
1555 3989 1605 4060 lo·

552 4128 650 4197 curn,
663 4102 758 4175 unde
769 4128 830 4175 eos
842 4102 943 4174 dictae
954 4104 1165 4201 serpentinae
1181 4102 1404 4189 infestabant,
1421 4103 1604 4175 celerrime

551 4234 736 4321 petentes,
760 4217 902 4290 easdem
926 4218 1068 4289 Francis
1091 4217 1332 4308 abstulerunt,
1353 4219 1448 4291 caesis
1465 4219 1605 4317 sugatis·

592 4482 622 4537 l.
644 4482 732 4552 ioan,
745 4488 839 4538 comte
849 4476 886 4535 de
896 4474 1059 4547 mennon,
1080 4474 1181 4555 depuis
1193 4472 1249 4532 duc
1263 4474 1299 4533 de
1313 4472 1460 4534 Bourbon.

592 4571 623 4628 2.
644 4572 685 4627 Le
704 4568 760 4647 gui
777 4565 1015 4640 saint-clement,
1036 4570 1124 4645 qu'ou
1145 4583 1228 4644 passe
1247 4566 1262 4621 a
1285 4563 1380 4623 marie
1399 4562 1481 4623 basse
1504 4581 1553 4621 sur
1572 4561 1600 4619 la

551 4656 630 4717 vire.
