3892 5892
787 937 898 994 unus
920 923 1072 996 ramus.
1421 941 1456 996 sr

400 1080 552 1152 regnum
567 1081 672 1129 suum
683 1056 801 1130 redire
818 1058 993 1132 sineretur
1006 1088 1014 1149 ;
1034 1060 1230 1158 quodcum
1243 1060 1393 1137 minime
1407 1087 1458 1136 re·

400 1176 590 1275 ciperetur,
612 1175 709 1250 velut
726 1179 935 1255 necessitate
958 1179 1198 1279 compulsum,
1217 1179 1264 1252 ad
1286 1180 1459 1255 dimican-

289 1374 293 1387 ,
400 1289 488 1365 dum
505 1308 542 1367 et
556 1295 666 1367 armis
681 1295 894 1368 certandum
910 1321 949 1368 se
965 1321 1122 1395 parasse.

447 1411 540 1484 Cum
564 1411 685 1509 itaque
706 1412 911 1486 immineret
934 1412 1011 1486 dies
1026 1437 1100 1512 quo
1123 1410 1170 1484 ad
1191 1426 1372 1485 certamen
1394 1414 1458 1487 de·

400 1527 619 1602 veniendum
645 1543 742 1619 erat,
766 1529 859 1602 acies
875 1554 919 1602 ex
941 1545 1095 1629 utraque
1110 1545 1212 1630 parte
1229 1531 1408 1606 instructae
1423 1547 1460 1607 et

400 1640 572 1716 ordinatae
595 1658 691 1717 sunt.
717 1648 763 1716 Et
794 1669 856 1717 rex
882 1645 1030 1743 quidem
1057 1643 1254 1744 Anglorum
1281 1647 1329 1720 ad
1352 1671 1457 1723 suum

399 1758 594 1830 exercitum
608 1759 859 1857 hujuscemodi
878 1761 996 1835 verbis
1017 1763 1253 1836 concionatus
1272 1786 1348 1836 esse
1370 1763 1458 1837 dici·

399 1886 470 1966 tur,
490 1874 699 1973 priusquam
711 1891 892 1950 certamen
903 1877 1176 1976 aggrederetur:

451 2016 469 2056 u
481 1991 589 2062 Venit
600 2015 697 2064 nuuc
707 1991 845 2082 hora,o
856 1991 1121 2065 commilitones
1130 1993 1257 2092 optimi
1267 2008 1375 2092 atque
1384 1992 1458 2068 lor·

398 2102 540 2195 tissimi,
552 2129 624 2204 qua
633 2105 756 2200 vobis,
772 2133 849 2180 non
868 2132 935 2206 pro
949 2107 1063 2205 gloria
1075 2107 1132 2180 vel
1145 2108 1379 2208 propaganda
1393 2133 1459 2182 no·

399 2219 505 2291 minis
513 2219 620 2314 lama,
630 2224 692 2296 sed
702 2249 770 2323 pro
779 2226 865 2314 vita,
873 2224 1122 2298 dimicandum
1133 2240 1199 2298 est.
1210 2230 1284 2298 Nos
1293 2226 1453 2325 quidem,

398 2337 582 2413 Gallorum
592 2344 907 2442 presumptionem
920 2357 1028 2440 atque
1038 2344 1179 2416 animos
1188 2343 1272 2415 satis
1280 2359 1457 2444 spectatos

398 2453 583 2547 babentes,
592 2475 729 2530 certum
738 2457 914 2532 habemus
923 2455 1182 2558 [quod],siper
1190 2459 1367 2554 ignaviam
1377 2483 1456 2533 ves·

398 2587 489 2645 tram
509 2599 573 2646 seu
591 2592 727 2649 metum
745 2576 792 2649 ab
810 2577 861 2649 eis
877 2575 1034 2674 opprimi
1052 2575 1303 2666 sustinueritis,
1321 2577 1456 2650 nemini

398 2705 554 2764 vestrum
565 2695 732 2790 parcituri
744 2706 868 2783 erunt;
886 2694 950 2766 sed
967 2717 1106 2786 omnes,
1126 2692 1235 2765 veluti
1250 2691 1409 2791 plebeios
1420 2709 1457 2767 et

396 2806 584 2904 ignobiles,
595 2833 768 2907 pecorum
784 2834 898 2898 more,
911 2807 1155 2881 trucidabunt.
1167 2811 1243 2904 Ego
1260 2808 1406 2905 quidem
1420 2823 1456 2882 et

396 2923 577 3019 sanguinis
588 2928 659 2997 mei
675 2926 854 3025 principes
864 2925 903 2997 id
914 2924 1021 2997 nobis
1035 2925 1456 3024 proventurummiuime

396 3039 643 3132 lormidamus,
659 3065 680 3114 a
697 3040 826 3139 quibus
845 3065 977 3138 magna
989 3041 1067 3114 auri
1082 3040 1243 3139 pondera
1262 3041 1453 3140 consequi,

397 3157 425 3229 si
442 3181 510 3228 nos
523 3157 723 3250 vincerent,
742 3171 937 3258 sperantes,
953 3181 1094 3230 servare
1106 3157 1213 3253 longe
1224 3159 1336 3255 magis
1346 3183 1456 3257 quam

396 3273 573 3372 perimere
591 3272 713 3346 hostes
734 3271 926 3346 curabunt.
945 3271 1016 3344 Sed
1041 3271 1231 3344 sitantum
1255 3273 1455 3370 periculum

396 3387 552 3484 effugere
577 3412 619 3461 ac
647 3389 757 3463 vitare
785 3387 957 3488 cupietis,
977 3399 1094 3458 metus
1119 3387 1237 3458 omnis
1261 3386 1308 3459 ab
1332 3389 1455 3462 animo

397 3503 585 3602 pellendus
605 3518 678 3595 est,
694 3529 763 3578 nec
783 3503 887 3577 vobis
902 3501 1122 3604 sperandum
1137 3515 1196 3591 ut,
1214 3502 1262 3576 ad
1279 3501 1457 3575 redimen-

396 3621 486 3692 dum
498 3621 608 3692 vitam
625 3635 780 3694 vestram
798 3621 969 3720 pecunia,
988 3619 1098 3692 iidem
1114 3617 1237 3690 hostes
1255 3643 1320 3691 vos
1334 3617 1456 3691 adser-

396 3752 503 3828 vent,
535 3737 596 3836 qui
631 3736 678 3809 ad
703 3751 846 3834 gentem
876 3751 1038 3809 nostram
1066 3735 1303 3808 inveteratum
1330 3732 1456 3806 odium

396 3871 504 3954 atque
528 3853 795 3928 acerbissimum
820 3878 962 3954 semper
977 3853 1125 3928 habent.
1148 3858 1270 3951 ltaque
1288 3853 1317 3924 si
1338 3851 1457 3924 vivere

395 3972 645 4072 potiusquam
667 3972 761 4043 mori
786 3971 956 4061 delectat,
975 3994 1077 4043 more
1102 3969 1248 4042 fortium
1273 3967 1455 4059 virorum,

396 4103 519 4162 vestre
529 4086 742 4180 nobilitatis,
760 4100 797 4161 et
814 4088 930 4177 famae,
948 4101 1056 4184 atque
1073 4085 1193 4184 gloriae
1210 4082 1406 4180 Auglorum
1419 4082 1458 4154 in

396 4202 503 4277 rebus
518 4204 668 4296 bellicis,
682 4204 896 4277 memoriam
912 4202 1099 4296 habentes,
1113 4217 1287 4300 tanquam
1304 4198 1370 4270 viri
1386 4197 1458 4271 lor·

397 4325 478 4396 titer
490 4334 526 4394 et
540 4335 684 4396 strenue
700 4346 769 4421 pro
781 4318 972 4395 animabus
988 4319 1112 4392 vestris
1127 4317 1325 4422 dimicate¹.
1341 4343 1359 4384 o

438 4577 467 4633 t.
490 4575 530 4632 Ge
546 4571 677 4633 discours
698 4577 773 4632 n’est
792 4571 884 4650 qu’un
904 4568 1034 4630 exercics
1052 4567 1188 4628 orstoire.
1207 4570 1365 4648 comparer
1384 4567 1459 4632 celui

398 4681 457 4741 qus
469 4661 499 4723 le
512 4661 667 4744 Religienx
677 4660 715 4722 da
730 4659 914 4724 saint-Deoia
925 4658 977 4718 tait
991 4657 1080 4733 tenir,
1094 4675 1166 4718 arec
1179 4655 1247 4718 bien
1261 4656 1326 4738 plus
1339 4657 1463 4736 d’apps·
