3892 5892
703 911 810 969 mem
835 910 1018 984 outnrus.
1333 912 1384 970 ru

657 1326 805 1409 ninus
833 1327 1075 1419 QUARTUS.

630 1764 885 1837 CAPITULUM
909 1752 1095 1834 PRIMUM.

341 2000 345 2009 ·
382 1936 1059 2047 monmumwsmmacsuum
1071 1980 1185 2052 popum
1197 1980 1353 2055 permeet.

389 2168 502 2244 Factis
525 2166 635 2263 igitur
657 2178 694 2237 et
712 2162 933 2237 confirmatis
959 2167 1091 2263 treugis
1120 2168 1333 2269 interreges
1363 2187 1399 2245 et

343 2307 453 2382 regna
469 2282 653 2378 utriusque
676 2280 808 2381 portis,
830 2279 1098 2377 comprehensis
1114 2281 1310 2375 federatis,
1334 2312 1400 2385 po-

344 2399 450 2502 pulos
466 2396 662 2469 Galliarum
682 2396 857 2467 immensa
872 2409 929 2486 et,
946 2420 1026 2493 quse
1045 2397 1102 2469 vix
1118 2398 1237 2471 referri
1259 2402 1392 2499 possit,

343 2516 461 2591 letitia
476 2510 647 2615 perfudit.
667 2514 760 2585 Cum
775 2512 873 2584 enim
888 2510 956 2585 suh
972 2514 1110 2609 magnis
1132 2513 1266 2613 ubique
1281 2530 1395 2589 terro·

344 2633 445 2707 ribus
459 2646 496 2705 et
514 2626 680 2729 periculis
694 2628 788 2701 inira
802 2627 951 2702 urbium
972 2644 1083 2727 atque
1100 2630 1318 2730 oppidorum
1336 2658 1398 2707 seu

345 2748 589 2825 munitionum
612 2768 758 2819 suerum
781 2746 915 2819 moenia
939 2745 1138 2817 diutissime
1155 2747 1286 2843 clausi,
1304 2750 1402 2823 velut

343 2864 382 2936 in
403 2885 582 2937 carcerem
606 2858 783 2950 damnati,
801 2858 936 2957 absque
953 2857 1029 2931 utto
1044 2883 1144 2958 piene
1166 2861 1294 2935 solatio
1312 2865 1400 2937 deli·

346 2980 513 3069 tuissent,
535 2977 663 3049 miram
679 2975 813 3049 eisdem
836 2974 1006 3049 afferebat
1023 2978 1198 3071 laetitinm,
1223 2980 1322 3078 quod
1340 3006 1401 3057 ve·

344 3098 412 3169 luti
426 3120 447 3169 e
463 3096 574 3191 longo
589 3108 626 3166 et
638 3108 731 3167 tetro
747 3116 888 3165 eernere
905 3094 943 3165 in
956 3091 1157 3167 libertatem
1173 3118 1212 3167 se
1225 3096 1400 3173 adductos

346 3226 454 3309 atque
470 3210 652 3282 restitutos
670 3232 715 3279 ex
736 3207 925 3279 durissima
936 3208 1104 3280 servitute
1121 3208 1397 3286 arbitrabantur.

347 3324 570 3399 Videbantur
597 3346 663 3421 per
686 3336 822 3395 turmas
843 3322 938 3394 cives
962 3322 1146 3419 utriusque
1170 3348 1296 3415 sexus,
1322 3342 1400 3409 ¹²¹1·

347 3468 458 3546 quam
481 3440 718 3515 comissimis
739 3436 1008 3539 tempestatibus
1024 3441 1145 3513 salvati
1171 3456 1207 3513 et
1227 3450 1397 3541 protecti,

347 3592 390 3641 ex
417 3562 618 3638 civitatibus
634 3572 743 3657 atque
763 3556 906 3659 oppidis
928 3558 1039 3649 exire,
1058 3570 1099 3629 ut
1115 3556 1246 3658 templu
1269 3566 1400 3637 summi

348 3683 432 3773 Dei,
446 3678 506 3755 vei
521 3680 560 3752 in
575 3676 753 3750 honoiem
770 3672 932 3771 gloriose
946 3672 1013 3745 Dei
1025 3674 1214 3747 Genitricis
1225 3673 1280 3748 vel
1293 3679 1401 3751 Sanc·

308 3784 315 3799 ⁸
349 3812 471 3872 torum
493 3792 673 3883 dediosu,
693 3804 729 3863 et
744 3788 947 3867 devotionis
962 3788 1140 3880 oratoria,
1160 3814 1225 3888 per
1245 3790 1400 3869 diversas

349 3912 550 4013 provincias
569 3922 605 3980 et
623 3906 720 3998 loon,
745 3905 922 3977 visitatum
943 3918 1148 4003 pergerent,
1166 3919 1202 3978 et
1224 3928 1302 4004 quae
1322 3912 1400 3981 Deo

350 4034 388 4105 in
403 4033 475 4105 suis
489 4042 663 4103 voverant
676 4025 846 4123 angustiis
861 4038 969 4123 utque
984 4024 1270 4115 necessitatibus,
1291 4026 1402 4101 fideli·

351 4162 406 4221 ter
430 4148 684 4245 persolverent.
712 4141 821 4234 Quod
844 4142 979 4216 nedum
1004 4166 1027 4214 a
1050 4141 1187 4216 civibus
1211 4158 1246 4215 et
1274 4142 1401 4220 inermi

352 4260 597 4351 multitudine,
626 4284 748 4333 verum
776 4259 882 4331 etiam
907 4281 929 4329 a
958 4258 1043 4329 viris
1071 4254 1303 4351 militaribus,
1330 4274 1402 4335 tom

352 4378 495 4451 Francis
515 4362 624 4475 quum
638 4374 811 4471 iogicis,
828 4372 991 4445 similiter
1012 4362 1130 4445 firmat.
1144 4372 1307 4447 Juvnbnt
1320 4400 1404 4453 eva·

352 4494 439 4567 sisse
456 4505 509 4565 tot
523 4488 680 4591 pericula
703 4504 810 4587 etque
831 4501 947 4561 metus
967 4486 1036 4561 sub
1058 4486 1188 4585 quibus
1210 4488 1405 4589 pleriquea

354 4609 505 4711 pueritie
524 4606 571 4681 sd
592 4628 703 4679 canos
718 4628 832 4703 usque
851 4617 1142 4702 senectutemque
1159 4625 1406 4705 pervenerant.

1255 4723 1288 4783 tt
