3892 5892
797 929 909 988 LIBER
929 929 1080 992 tumus.
1170 975 1180 996 .
1430 931 1469 991 tt

349 1115 353 1122 .
406 1057 445 1128 in
460 1053 649 1154 eoproelio
665 1053 741 1125 dux
756 1051 962 1146 Alenoonii,
981 1077 1103 1126 comes
1115 1053 1314 1148 dAlbret¹,
1333 1069 1370 1129 et
1381 1055 1469 1130 alio·
1587 1159 1596 1168 ,

406 1195 488 1242 rum
512 1170 712 1260 comitum,
742 1167 941 1259 buronurn,
970 1167 1125 1242 militum
1153 1184 1262 1269 atque
1293 1170 1472 1246 nobilium

406 1310 536 1383 magna
552 1284 759 1358 multitudo.
783 1287 901 1358 Casus
922 1298 977 1357 est
997 1299 1033 1358 et
1058 1285 1131 1358 dux
1148 1286 1344 1360 Brabantiae
1363 1291 1472 1360 Anto·

405 1401 505 1475 nius¹
518 1425 604 1474 oum
618 1425 682 1474 sua
695 1413 814 1498 gente,
830 1400 893 1498 qui
909 1401 1164 1499 superveniens
1176 1426 1261 1474 cum
1276 1402 1361 1490 suis,
1378 1428 1472 1502 proe·

404 1517 455 1590 lio
473 1518 550 1616 jam
568 1542 670 1618 paene
689 1515 876 1608 oonleoto,
896 1516 1124 1590 ooousionem
1144 1516 1245 1591 dedit
1269 1532 1310 1591 ut
1334 1518 1469 1618 Anglioi

405 1633 526 1732 plures
547 1659 592 1707 ex
615 1634 688 1726 his,
721 1658 814 1732 quos
834 1647 1007 1732 ceperant
1037 1632 1216 1734 captivos,
1238 1634 1467 1734 perimerent.

404 1752 508 1850 Capti
523 1766 607 1825 sunt
619 1749 673 1824 ibi
690 1750 764 1848 dux
781 1749 1113 1842 Aurelianensium,
1131 1749 1226 1823 filius
1250 1751 1343 1825 illius
1359 1733 1468 1849 quem

406 1866 547 1940 Parisiis
574 1879 802 1966 peremptum
827 1862 935 1936 fuisse
960 1889 1071 1963 supra
1098 1863 1300 1955 retulimus,
1327 1878 1364 1938 et
1394 1864 1469 1941 dux

406 1981 596 2070 Borbonii,
617 1980 779 2073 Carolus,
796 2005 920 2056 comes
936 1979 983 2054 de
1001 1981 1113 2078 dugio
1125 1984 1159 2072 ⁸,
1177 1995 1214 2055 et
1237 1983 1469 2081 quamplures

404 2105 571 2194 comites,
588 2103 745 2178 barones
760 2117 797 2176 et
812 2101 972 2193 nobiles,
990 2103 1055 2200 qui
1069 2100 1116 2175 ad
1132 2103 1309 2205 oppidum
1322 2103 1466 2196 Calesii,

404 2219 489 2294 inde
503 2245 591 2294 vero
606 2234 705 2294 trans
721 2220 868 2312 fretum,
887 2243 952 2317 per
967 2218 1087 2318 ipsum
1102 2242 1223 2316 regem
1239 2221 1415 2295 victorem
1430 2223 1468 2296 in

406 2337 565 2436 Angliam
581 2336 728 2412 adducti
741 2349 836 2410 sunt.

451 2455 535 2526 Dies
556 2453 617 2527 ille
633 2452 810 2528 infaustus
825 2450 931 2526 valde
953 2449 1132 2525 nobilitati
1159 2466 1195 2525 et
1221 2477 1333 2550 regno
1356 2457 1466 2528 Fran·

403 2595 530 2644 corum
557 2570 640 2660 fuit,
659 2583 842 2642 comtum
864 2593 996 2667 magna
1018 2569 1138 2669 portio
1163 2591 1308 2660 eorum,
1331 2571 1393 2668 qui
1419 2569 1466 2644 ab

403 2685 568 2760 hostibus
592 2711 742 2782 regnum
767 2688 887 2786 ipsum
908 2687 1016 2760 tutari
1032 2699 1238 2786 potuerant,
1256 2685 1462 2780 cecidisset3

403 2827 482 2900 quae
495 2826 552 2874 res
567 2826 681 2898 regno
695 2802 808 2874 ruinae
822 2825 962 2899 magne
979 2816 1016 2875 et
1029 2803 1126 2876 exitii
1141 2825 1248 2874 cause
1264 2801 1351 2892 suit,
1370 2817 1411 2876 ut
1427 2803 1464 2875 iu

403 2918 634 3018 sequentibus
649 2918 753 2991 latius
766 2919 1011 2996 ostendemus.
1031 2921 1110 2993 Fuit
1125 2933 1245 2992 nutem
1260 2917 1333 2992 hoc
1346 2919 1465 2992 infelix

403 3034 569 3136 proelium
581 3037 815 3107 commissum
826 3060 942 3136 prope
957 3035 1136 3136 oppidum
1153 3033 1199 3110 de
1215 3033 1413 3131 Herdinclr,
1427 3037 1464 3110 in

401 3153 495 3248 agris
515 3151 669 3224 duarum
685 3149 869 3242 villarum,
888 3175 1043 3249 quarum
1061 3175 1133 3224 una
1149 3153 1340 3251 Affincort,
1355 3151 1466 3228 altera

401 3266 663 3338 Iiousseauville
678 3266 879 3366 appellatur
888 3271 912 3354 ⁸,
937 3291 1036 3340 anno
1050 3267 1197 3340 Domini
1213 3291 1255 3340 rt.
1270 3293 1366 3342 οεοῦ.
1379 3293 1461 3363 xv.,

400 3383 460 3456 die
470 3398 679 3457 sanctorum
687 3397 885 3481 martyrum
897 3383 1049 3482 Crispini
1063 3397 1100 3456 et
1110 3382 1355 3482 Crispinieni⁸,
1366 3408 1463 3458 enno

399 3498 546 3572 evoluto
571 3525 614 3572 ex
636 3524 711 3599 quo
732 3525 754 3574 a
771 3499 915 3574 Francis
931 3497 1178 3572 miserabiliter
1195 3498 1335 3599 direpta
1350 3497 1463 3573 suerat

400 3621 525 3693 civitas
545 3620 801 3712 Suessionum,
827 3633 937 3720 prout
961 3645 1071 3720 supra
1099 3618 1275 3713 diximus,
1298 3632 1350 3706 et,
1370 3620 1462 3696 inter

399 3737 509 3837 impie
522 3737 697 3832 illicacta,
713 3735 904 3836 spoliatum
915 3736 1118 3810 venerabile
1132 3735 1220 3810 illud
1235 3733 1459 3828 coenobium,

399 3853 692 3950 sub-eorumdem
706 3854 894 3928 beatorum
907 3867 1104 3952 martyrum
1119 3853 1222 3928 titulo
1235 3852 1460 3946 dedicatum,

425 4067 469 4164 ‚¹'
491 4065 576 4139 Jean,
591 4061 648 4122 duc
662 4060 832 4140 d'Alenoon,
843 4061 944 4142 prince
956 4059 997 4122 du
1007 4079 1095 4142 sang;
1106 4059 1222 4124 Charles
1232 4059 1374 4138 d'Albret,
1390 4081 1463 4124 oon·

439 4242 469 4301 2.
491 4193 616 4300 Antoine
635 4239 674 4300 de
690 4243 877 4322 Bourgogne,
895 4239 953 4302 due
973 4239 1012 4302 de
1032 4239 1170 4316 litabant,
1190 4241 1267 4302 lrdre
1291 4239 1407 4304 duduc
1425 4243 1463 4304 de

398 4329 582 4486 Bopsgpppg'·
594 4415 651 4474 duc
665 4415 702 4476 de
716 4416 865 4494 Boubon,
879 4431 909 4478 et
919 4418 1039 4479 charles
1050 4417 1187 4494 d'Artois,
1201 4431 1295 4478 comte
1309 4419 1393 4480 d'Eu.

441 4509 475 4609 Ι..
495 4503 691 4580 Aujonrd’hni
707 4505 780 4565 dens
806 4505 1072 4568 l’errondissement
1095 4507 1132 4567 de
1154 4505 1301 4569 saint-Pol
1325 4509 1463 4584 (Pes-de·

398 4593 533 4744 cupistiu
545 4681 674 4746 octobre
