3892 5892
526 856 585 932 8⁰8
804 854 1059 919 HISTORIARUM
1081 852 1218 915 cauom
1242 854 1294 909 Vll

527 980 616 1059 dine
631 984 738 1057 suum
755 978 993 1059 ministerium
1009 974 1243 1067 exhibebant,
1262 973 1359 1055 idom
1375 976 1582 1079 Floqttatua,

527 1122 612 1177 cum
628 1096 732 1189 suis,
749 1090 841 1170 olam
859 1108 897 1175 et
914 1095 1037 1173 surum
1062 1090 1273 1173 vernolium
1294 1092 1451 1174 introivit
1475 1107 1585 1193 etqua

526 1212 693 1309 recepit¹.
715 1212 825 1307 Cujus
843 1234 927 1287 cum
951 1210 1150 1307 ingressum
1170 1208 1321 1305 tuguri,
1343 1209 1406 1305 qui
1427 1208 1499 1287 illio
1515 1235 1585 1307 pro

526 1331 690 1430 praesidio
708 1332 815 1410 locati
831 1344 952 1422 erant,
973 1331 1246 1429 persensissent,
1266 1328 1389 1429 plastes
1404 1354 1447 1411 or
1464 1329 1515 1407 eis
1535 1329 1584 1401 ad

525 1447 719 1543 quamdam
737 1446 1031 1535 munitissimam,
1059 1471 1138 1543 quae
1157 1446 1230 1527 illio
1248 1460 1321 1537 est,
1340 1446 1484 1525 turrim*
1500 1470 1584 1524 eon·

442 1659 447 1672 ’
525 1643 584 1701 duo
604 1653 810 1701 construuntur
823 1638 998 1699 molendina.
1017 1644 1057 1699 Ac
1073 1660 1147 1698 untia
1166 1640 1287 1702 istorum
1305 1637 1581 1703 molendinarius...

524 1732 561 1791 ad
575 1732 715 1794 ballivum
730 1729 947 1803 ruminantem,
960 1728 1118 1788 liebertum
1138 1728 1175 1787 de
1193 1732 1324 1805 Floques,
1340 1748 1372 1787 se
1387 1730 1583 1806 profecturum

501 1823 673 1889 ,conclusit
690 1821 744 1881 eut
757 1819 878 1896 consilio
890 1832 1008 1898 aperto,
1024 1818 1170 1879 liberalius
1186 1817 1307 1891 obtulit,
1322 1818 1397 1875 infra
1417 1818 1584 1879 Vemolium

523 1913 619 1991 ipsum
642 1911 800 1977 aubertum
828 1911 939 1976 facilius
960 1910 1241 1977 interlocutum...
1264 1912 1337 1972 Turn
1356 1906 1483 1971 ballivus
1498 1908 1583 1984 burins

525 2002 567 2059 rei
591 2002 738 2059 occultam
751 2000 854 2059 seriem
871 2000 1001 2059 Dunensi
1020 1999 1116 2061 comiti
1130 1996 1181 2059 ord
1199 2010 1281 2056 tenus
1295 2009 1420 2077 reserat,
1437 1998 1583 2057 senescal-

523 2110 617 2167 coque
630 2090 802 2148 Plctaviensi
814 2083 931 2147 mandat
948 2109 1073 2167 propere
1089 2089 1126 2147 ad
1145 2088 1241 2167 ipsum
1259 2100 1431 2161 venturum,
1448 2102 1480 2145 ut
1501 2107 1584 2147 exse·

523 2180 632 2239 cutioni
654 2193 711 2238 tarn
729 2180 854 2238 difficilis
876 2179 962 2252 hujus
979 2179 1069 2238 felicis
1093 2177 1200 2257 negotii
1224 2176 1315 2235 fidum
1336 2195 1482 2236 annornm
1501 2188 1584 2256 perat

519 2271 669 2343 juvamen.
682 2269 777 2327 Ambo
791 2267 876 2326 simul
888 2266 1000 2342 juncti,
1018 2281 1051 2325 ut
1059 2268 1145 2325 otiosi
1157 2279 1185 2325 et
1196 2260 1234 2323 ab
1247 2265 1334 2323 armis
1344 2265 1459 2343 penitus
1473 2264 1582 2323 remissi

523 2360 709 2427 viderentur,
729 2359 876 2437 ingentem
901 2356 1061 2423 venationis
1085 2367 1254 2433 apparatum
1283 2365 1468 2425 construunt,
1497 2365 1525 2410 et
1551 2354 1583 2410 in

523 2449 704 2508 Concharum
719 2448 811 2519 silva,
835 2458 887 2520 ut,
902 2446 1036 2504 velamen
1049 2446 1168 2525 fugandi
1182 2464 1284 2503 cervos
1296 2444 1408 2522 absque
1421 2444 1583 2522 suspicione

523 2539 605 2598 hoste
618 2537 890 2605 animadvertente,
909 2536 1036 2599 maxima
1054 2536 1085 2595 in
1105 2532 1290 2594 multitudine
1302 2533 1425 2593 Conohis
1447 2533 1584 2593 accedere

522 2642 688 2707 possent...
704 2628 774 2685 illuc
786 2624 824 2684 ab
841 2625 1008 2683 Ebroicensi
1023 2624 1094 2683 urbe
1109 2624 1245 2701 conjuges
1259 2623 1414 2682 senescalci
1428 2636 1457 2681 et
1470 2622 1582 2697 ballivi,

522 2736 636 2776 sorores
649 2734 810 2795 germanie,
825 2713 911 2784 bajus
926 2712 1023 2770 arcani
1038 2713 1152 2791 penitus
1166 2712 1287 2791 ignarae,
1301 2722 1333 2768 ut
1348 2711 1496 2770 venationi
1508 2713 1583 2771 iera·

523 2824 588 2868 rom
604 2804 752 2885 intersint,
771 2804 870 2875 jocose
888 2800 1059 2862 ueniunt...
1076 2800 1215 2865 Laribulis
1235 2821 1307 2865 uero
1328 2801 1408 2886 silvan
1425 2802 1500 2869 trina
1518 2802 1582 2863 uice

521 2896 668 2977 ingressis,
685 2890 882 2951 delectabilem
890 2891 1054 2958 uenationis
1068 2892 1216 2953 mollitiem
1230 2892 1402 2956 dominabus
1416 2896 1521 2954 teneris
1534 2915 1582 2953 ce-

521 2982 593 3041 dunt
612 2995 641 3040 et
664 2980 734 3039 ferri
755 2979 937 3057 asperitatem
956 2978 1131 3037 induunt...
1155 2983 1228 3037 Tum
1251 2982 1477 3041 molendinarius
1496 2997 1583 3060 atque

520 3069 743 3142 sinuosius...
761 3066 874 3127 decima
889 3086 967 3125 nona
979 3068 1064 3142 julii,
1085 3068 1151 3127 ideo
1172 3070 1251 3147 quod
1276 3072 1339 3129 luce
1358 3072 1489 3149 sequenti
1505 3072 1582 3131 eele-

519 3158 578 3223 bris
602 3157 760 3223 Dominien
778 3156 943 3223 solemnitas
970 3176 1029 3219 sua«
1043 3156 1211 3225 molendina
1230 3160 1292 3221 fore
1311 3161 1448 3238 precepit
1469 3161 1578 3235 otioso,

519 3247 685 3327 diruptione
703 3266 843 3327 aquarum
866 3247 958 3319 soom,
978 3266 995 3306 e
1013 3247 1096 3313 fossis
1110 3249 1301 3333 profluentem
1323 3249 1431 3311 iaciunt
1452 3249 1578 3316 elabi...

518 3341 614 3415 Atque
628 3336 776 3395 relucente
790 3355 913 3409 aurora,
936 3335 1032 3397 caeteri
1046 3337 1078 3394 in
1099 3336 1227 3396 excubiis
1253 3351 1467 3423 quernoctantes‚
1487 3342 1581 3419 arguti

519 3424 720 3483 molendinarii
728 3422 962 3503 persuasionibus
972 3424 1089 3495 deuicti,
1097 3444 1181 3487 nrane
1192 3425 1271 3483 ocius
1283 3446 1369 3503 quam
1384 3427 1505 3507 vigilum
1513 3448 1582 3487 con·

517 3513 640 3575 suetudo
660 3527 739 3587 erat,
759 3531 777 3572 a
795 3512 1021 3592 propugnaculis
1038 3533 1188 3575 murorum
1208 3513 1405 3589 descendunt,
1420 3530 1453 3575 nt
1466 3518 1579 3577 missam

516 3605 547 3663 in
561 3604 628 3669 solis
642 3616 709 3669 ortu
719 3601 921 3669 celebrandam
934 3602 1106 3667 audirent...
1122 3602 1305 3667 Senescalcus
1317 3603 1511 3679 Pictavorurn,
1527 3626 1580 3685 pe·

519 3692 659 3752 destrium
680 3690 818 3764 director,
833 3692 891 3750 late
906 3706 1057 3765 ocreatus,
1078 3692 1109 3750 in
1122 3694 1239 3751 alveum
1258 3693 1489 3756 molendinorum
1503 3696 1579 3755 luto-

517 3802 597 3852 sum,
620 3780 734 3840 duobus
747 3780 900 3860 sagittariis
913 3780 1165 3854 antecedentibus,
1181 3782 1291 3860 primus
1307 3782 1410 3857 inlert;
1431 3796 1510 3851 tanto
1527 3784 1580 3849 luti

518 3869 646 3950 pondere
659 3889 748 3931 onere
760 3870 908 3935 retrahere
921 3869 959 3935 ab
972 3870 1057 3933 alveo
1070 3890 1169 3932 ocreas
1180 3890 1240 3934 non
1249 3873 1359 3951 potuit;
1369 3892 1441 3951 quas
1453 3875 1483 3936 in
1497 3880 1579 3935 cono

517 3960 684 4032 dimittens,
708 3958 824 4028 evulsos
845 3958 933 4037 pedet
957 3958 1053 4023 nudus
1076 3960 1182 4021 moenia
1207 3961 1385 4028 ascendit...
1409 3964 1579 4028 lusidiantes
1695 3992 1703 4007 ·

516 4069 588 4108 vero
599 4047 690 4133 scalas
703 4046 847 4126 dirigunt,
862 4067 896 4109 ac
908 4047 950 4111 illi
966 4046 1089 4112 directas
1103 4068 1187 4112 muro
1201 4050 1347 4129 adaptant,
1363 4052 1479 4119 nemine
1491 4052 1580 4131 partis

516 4138 646 4203 aduersa
658 4135 846 4215 intelligente·
861 4135 937 4200 Galli
948 4134 1049 4200 subtus
1058 4138 1172 4209 armati,
1185 4138 1288 4201 tunicis
1300 4138 1436 4209 talaribus
1446 4142 1579 4220 superin-

517 4228 597 4305 duti,
612 4227 782 4293 vernolium
797 4224 962 4291 subintrant
975 4247 1028 4306 per
1041 4247 1179 4307 magnum
1192 4230 1311 4304 vicum,
1327 4230 1389 4293 sine
1404 4230 1575 4309 strepitu...

515 4321 604 4383 Fores
622 4317 694 4383 seris
712 4316 809 4379 [raetis
830 4315 983 4394 aperiunt3
1007 4330 1155 4395 equestres
1175 4318 1269 4392 Galli,
1289 4318 1416 4395 equitatu
1431 4320 1537 4397 celeri,
1559 4340 1575 4381 e

515 4405 633 4471 latebris
646 4406 782 4472 affluunt.
795 4431 808 4461 υ
826 4403 936 4472 Robert
948 4404 1089 4483 blondel,
1105 4405 1156 4469 lib.
1168 4410 1194 4485 l,
1209 4426 1274 4487 cap.
1287 4427 1348 4472 xm.

556 4500 571 4555 l
604 4501 645 4559 ta
661 4495 804 4571 liiuillet
816 4498 905 4560 1449.

555 4586 586 4650 2·
600 4584 630 4653 C*
633 4589 816 4670 mosqu'on
824 4582 951 4667 appelait
961 4585 1120 4653 actaeae
1129 4604 1168 4658 nu
1177 4586 1307 4662 lapsare
1318 4598 1382 4646 tour
1389 4582 1426 4645 de
1433 4568 1577 4667 llemeuil.
