3892 5892
762 902 873 961 uuna
891 902 1058 968 mnus.
1384 904 1438 963 lll

386 1028 506 1102 multis
521 1028 598 1102 aliis
614 1028 810 1124 anglorum
834 1028 1009 1101 veteranis
1022 1026 1174 1101 ducibus
1195 1044 1302 1125 atque
1319 1028 1444 1103 militi-

384 1142 453 1217 bus
471 1126 533 1243 qui
545 1144 607 1217 diu
619 1145 656 1215 iu
669 1143 815 1216 Francia
834 1140 1072 1216 militaverant
1083 1198 1092 1233 ,
1104 1167 1187 1217 cum
1203 1144 1440 1241 festinatione,

385 1260 535 1335 obsessis
563 1259 689 1334 solatia
719 1260 958 1359 praestiturus,
988 1260 1055 1331 iter
1076 1258 1243 1358 arripuit.
1265 1261 1336 1334 Sed
1358 1288 1443 1337 cum

383 1382 550 1472 maneos,
563 1377 674 1477 quiin
687 1378 903 1450 monasterio
913 1377 1033 1449 Sancti
1044 1379 1185 1453 Martini
1193 1394 1307 1471 erant,
1320 1406 1439 1475 muro,

384 1490 477 1566 fossa
491 1506 528 1565 et
546 1492 654 1565 variis
676 1492 851 1565 machinis
864 1490 969 1565 valde
986 1493 1144 1565 munitos
1157 1492 1383 1592 intelligeret,
1402 1512 1443 1569 ut

382 1609 519 1705 eosqui
531 1632 573 1681 er
588 1608 658 1681 alia
668 1608 828 1679 fluminis
840 1623 942 1706 parte
953 1622 1068 1683 castra
1083 1625 1293 1707 posuerant,
1310 1612 1347 1683 in
1362 1614 1442 1709 qui·

381 1721 450 1795 bus
465 1738 540 1796 erat
556 1749 638 1816 rex,
651 1723 821 1796 invadere
837 1737 975 1823 posset,
994 1736 1105 1823 ponte
1117 1748 1161 1796 ex
1173 1724 1279 1797 doliis
1290 1740 1325 1798 et
1339 1726 1441 1801 tabu·

380 1843 424 1916 lis
444 1844 604 1919 celeriter
621 1858 854 1941 constmcto,
881 1844 1016 1915 flumen
1043 1848 1144 1917 isarae
1170 1870 1349 1919 unacum
1374 1872 1440 1921 suo

381 1962 537 2037 exercitu
560 1961 732 2034 transivit.
763 1962 960 2031 posuerant
978 1958 1156 2056 siquidem
1180 1962 1304 2034 Franci
1321 1978 1440 2036 custo·

380 2073 456 2148 dias
472 2075 626 2147 militum
642 2075 689 2149 ad
706 2075 823 2175 ripam
840 2074 1018 2163 fluminis,
1037 2076 1099 2171 qui
1118 2075 1236 2171 Anglis
1254 2080 1440 2153 transitum

380 2189 564 2261 inhibituri
576 2190 693 2261 iurent
705 2217 715 2281 3
731 2188 829 2286 quod
843 2188 966 2286 utique
977 2188 1077 2261 haud
1089 2188 1231 2263 difficile
1243 2190 1337 2265 lactu
1349 2212 1438 2285 erat,

378 2303 408 2373 si
424 2304 609 2400 vigilanter
622 2318 686 2377 aut
699 2303 848 2376 solerter
861 2302 909 2375 ad
923 2302 996 2375 boc
1014 2302 1259 2376 intendissent.
1274 2306 1344 2379 Sed
1356 2332 1440 2382 cum

379 2446 454 2494 non
470 2425 553 2496 satis
569 2422 726 2496 studiose
742 2422 779 2495 id
794 2437 957 2495 curatum
975 2424 1113 2514 luisset,
1133 2424 1291 2496 transivit
1305 2426 1439 2501 llumeu

378 2556 475 2617 totus
496 2544 693 2641 Anglorum
719 2544 906 2616 exercitus.
939 2548 1028 2632 Quae
1053 2568 1109 2615 res
1135 2568 1219 2617 cum
1246 2544 1293 2615 ad
1321 2548 1438 2620 Caroli

379 2660 469 2755 regis
485 2660 649 2731 notitiam
668 2660 887 2759 perveniret,
906 2660 969 2757 qui
986 2656 1195 2731 validiorem
1212 2683 1359 2733 suarum
1376 2687 1436 2733 co-

376 2774 515 2873 piarum
529 2788 668 2873 partem
682 2800 725 2847 ex
739 2775 807 2847 alia
821 2787 923 2873 parte
932 2773 1089 2845 lluminis
1104 2770 1275 2865 babebat,
1290 2774 1436 2849 dimisso

376 2891 592 2963 monasterio
606 2890 836 2964 dominarum
852 2890 900 2961 de
919 2887 1135 2961 Malo-liubo
1153 2912 1217 2961 seu
1240 2892 1380 2979 Dum0,
1399 2893 1434 2965 in

375 3028 448 3100 quo
473 3006 593 3079 multis
620 3020 762 3079 steterat
791 3005 937 3098 diebus,
972 3001 1018 3077 ad
1047 3004 1167 3077 villam
1198 3005 1390 3080 Pissiacum
1403 3012 1431 3099 ¹,

374 3132 471 3191 trans
493 3122 718 3218 Sequanam,
746 3121 808 3193 ubi
835 3121 943 3193 etiam
967 3133 1020 3192 est
1046 3118 1435 3216 magnificentissimum

374 3236 615 3332 religiosarum
638 3238 917 3328 monasterium,
935 3260 974 3307 se
992 3236 1145 3334 recepit,
1164 3235 1347 3309 declinans
1373 3262 1433 3310 sa-

374 3351 513 3449 pienter
525 3351 618 3424 illius
629 3353 823 3449 inglorum
837 3350 1010 3423 exercitus
1024 3374 1227 3421 occrrrsum.
1239 3352 1301 3423 Sui
1312 3366 1432 3425 tamen

373 3464 484 3539 duces
507 3466 543 3539 e't
566 3467 789 3562 Ludovicus,
817 3464 913 3538 lilius
937 3466 1034 3561 ejus,
1067 3462 1113 3536 ab
1140 3463 1338 3538 obsidionis
1362 3492 1433 3540 suae

372 3582 514 3669 castris,
528 3606 608 3680 quae
619 3583 656 3653 in
671 3583 888 3656 monasterio
900 3580 1020 3652 Sancti
1033 3579 1194 3671 Martini,
1209 3592 1249 3651 ut
1262 3579 1430 3671 diximus,

372 3710 539 3794 potenter
553 3696 657 3770 valde
671 3698 892 3788 munierant,
910 3694 1060 3767 minime
1078 3693 1319 3768 decesserunt.

420 3815 509 3886 Cum
526 3837 613 3885 vero
631 3813 702 3884 dux
721 3811 872 3885 Eboraci
883 3835 968 3884 cum
980 3809 1053 3882 suis
1068 3808 1201 3907 buglis,
1219 3812 1282 3908 qui
1300 3834 1429 3908 magno

371 3941 473 3999 eraut
500 3951 670 4017 numero,
697 3952 800 4025 agros
825 3926 905 3997 illos
930 3923 1087 3996 Franciae
1115 3924 1250 3997 circum
1278 3926 1430 3999 Parisios

373 4040 492 4114 luisset
507 4044 809 4139 circumvagatus,
824 4024 895 4114 'uec
911 4037 1001 4111 inibi
1017 4064 1224 4131 annonam,
1251 4054 1313 4113 aut
1330 4040 1429 4113 colo-

371 4180 456 4245 uos,
472 4158 541 4229 nisi
553 4160 769 4247 rarissimos,
790 4157 949 4230 iuvenire
969 4170 1110 4255 posset,
1127 4153 1382 4251 urgente'lame
1394 4170 1429 4227 et

369 4272 536 4370 penuria,
547 4274 642 4350 intra
655 4276 888 4377 paticissimos
896 4272 974 4344 dies
990 4284 1136 4344 coactus
1145 4285 1199 4343 est
1215 4274 1293 4343 sine
1310 4272 1427 4345 fructu

371 4390 532 4464 inefficax
548 4395 677 4467 reverti
695 4392 970 4488 Rothomagum.
991 4392 1101 4461 Tanta
1114 4402 1235 4462 autem
1248 4388 1351 4463 tamis
1366 4414 1428 4465 ne·

412 4631 442 4685 l.
463 4625 573 4704 Poissy.
680 4588 685 4596 ¹
