3892 5892
740 926 848 983 unm
869 924 1052 997 Qumros.
1370 925 1424 981 eor

372 1045 465 1146 dites
480 1068 600 1123 arcem
616 1047 904 1141 munitissimam,
922 1073 1002 1147 quae
1014 1048 1051 1119 in
1060 1062 1219 1121 extremo
1233 1046 1372 1144 pontis,
1385 1046 1431 1119 ud

374 1165 484 1262 ipsius
501 1163 704 1238 custodiam
714 1166 798 1251 sita,
816 1164 1097 1262 circumquaque
1108 1162 1260 1259 cingitur
1269 1164 1433 1260 Sequana

373 1280 544 1373 flumine,
560 1304 690 1377 magna
705 1279 885 1353 celeritate
901 1293 1135 1379 occuparunt.
1151 1280 1214 1350 Cui
1227 1301 1310 1350 cum
1327 1303 1433 1379 expu-

371 1393 525 1492 guandae
537 1420 620 1493 pars
635 1394 876 1482 incumberet,
890 1393 949 1469 alii
963 1393 1197 1468 nihilominus
1209 1418 1274 1491 per
1284 1407 1432 1493 pontem

372 1511 421 1585 ad
438 1510 628 1614 oppidum,
644 1510 691 1583 ad
703 1512 849 1583 alteram
864 1510 1020 1584 fluminis
1034 1511 1150 1609 ripam
1164 1510 1284 1602 situm,
1300 1528 1431 1610 magno

372 1650 459 1699 cum
477 1628 614 1726 impetu
630 1640 872 1701 accurrerunt.

423 1748 509 1816 Erat
531 1758 608 1817 tum
633 1743 670 1814 in
701 1744 780 1842 ipso
806 1740 942 1842 oppido
964 1766 1085 1815 comes
1110 1741 1164 1843 de·
1180 1741 1398 1844 Follrenberg
1406 1749 1429 1835 ¹,

372 1857 448 1932 dux
468 1872 574 1932 certae
589 1858 722 1931 militiae
743 1856 958 1953 anglicanae,
977 1856 1038 1954 qui
1055 1856 1101 1928 ad
1116 1857 1309 1933 clamorem
1325 1874 1360 1931 et
1377 1874 1432 1932 tu-

376 1975 552 2066 multum,
567 1976 630 2074 qui
642 1972 689 2047 ad
702 1988 844 2073 portam
859 1973 985 2073 oppidi
1000 1987 1037 2046 et
1049 1974 1086 2045 in
1098 1975 1188 2047 arcis
1193 1976 1315 2074 pontis
1326 1996 1432 2071 erpu-

374 2093 545 2188 gnatione
571 2087 725 2180 fiebant,
754 2089 917 2162 concitus
937 2088 984 2160 ad
1009 2089 1121 2187 ipsam
1145 2089 1271 2189 oppidi
1291 2103 1432 2189 portam

377 2203 609 2278 muniendam
626 2201 961 2302 defendendamque
979 2201 1139 2293 advenit3
1163 2204 1248 2295 sed,
1265 2204 1349 2276 licet
1368 2202 1432 2278 nii·

375 2317 537 2413 quandiu
552 2316 766 2391 nonnullam
784 2317 921 2390 fecisset
928 2317 1184 2407 resistentiam,
1199 2317 1299 2389 brevi
1312 2332 1433 2391 tamen

376 2447 482 2531 porta
496 2447 719 2531 expugnata,
740 2433 777 2503 in
795 2432 955 2505 hostium
971 2446 1182 2532 potestatem
1200 2433 1372 2533 pervenit.
1393 2436 1435 2503 Et

375 2564 503 2649 captus
518 2550 666 2649 quidem
682 2551 779 2623 idem
796 2575 919 2623 comes
936 2551 1038 2623 suita
1054 2549 1213 2649 quodam
1229 2549 1431 2646 sagittario,
1474 2528 1492 2560 ⁹

376 2665 519 2765 plebeio
537 2669 634 2763 viro,
654 2669 730 2759 cui,
752 2693 836 2741 cum
854 2665 962 2739 fidem
978 2668 1081 2756 dare,
1097 2663 1253 2764 eoquod
1269 2664 1433 2761 ignobilis

376 2798 487 2878 esset,
506 2783 639 2856 diutius
662 2783 896 2873 detrectaret,
917 2807 1018 2884 paene
1035 2782 1326 2854 mortis.incun·it
1343 2782 1434 2880 peri·

377 2898 511 2972 ardum.
531 2898 639 2988 Quod
653 2924 738 2971 cum
759 2899 845 2972 alias
860 2899 1015 2997 effugere
1033 2898 1181 2971 minime
1196 2912 1336 2997 posset,
1353 2900 1434 2970 vitae

377 3039 450 3086 suae
464 2998 667 3107 donadeus,
689 3015 809 3088 eidem
826 3042 865 3088 se
881 3016 1062 3115 captivum
1078 3014 1190 3087 dedit.
1210 3018 1297 3087 Aroe
1313 3013 1432 3112 itaque

376 3132 519 3230 pontis,
539 3146 651 3229 atque*
662 3131 802 3232 oppido
820 3145 856 3204 et
876 3146 986 3228 ponte
1002 3134 1112 3230 ipsius
1127 3130 1213 3225 loci,
1239 3132 1338 3229 quia
1363 3132 1433 3203 Ro·

380 3246 551 3341 thomago
572 3261 731 3343 quatuor
753 3247 863 3318 leucis
886 3246 1066 3341 gailicanis
1087 3246 1214 3339 distat,
1233 3246 1304 3319 hoc
1321 3244 1432 3318 modo

379 3362 504 3435 Franci
515 3362 618 3460 potiti
633 3376 717 3433 sunt
733 3362 834 3433 initio
852 3362 984 3433 mensis
996 3364 1109 3451 maii¹,
1119 3386 1215 3434 anno
1224 3386 1430 3436 uccccxm.

723 3643 977 3716 CAPITULUM
1001 3644 1092 3712 xlv.

396 3827 473 3898 Quid
482 3828 564 3904 egerit
572 3826 629 3883 dux
638 3828 820 3894 summerseti,
834 3816 1146 3899 cnistem'liothomagh
1158 3826 1281 3882 auditaet
1293 3840 1416 3901 percepta

662 3922 784 3994 captiom
795 3920 997 3976 Pontis-Archa
1008 3937 1024 3973 a
1035 3919 1151 3973 Francis.

430 4099 539 4196 Cujus
549 4099 760 4205 perditionis
777 4123 863 4171 cum
874 4096 920 4171 ab
930 4098 988 4171 his
1000 4100 1062 4197 qui
1073 4096 1157 4170 inde
1174 4094 1435 4193 Rothomagum

380 4206 628 4304 aufugiebant,
649 4210 745 4283 illico
766 4210 943 4283 nuntiatio
967 4208 1162 4283 adducam
1182 4208 1433 4298 Summerseti,

381 4334 559 4393 rectorem
575 4323 788 4420 provinciae,
806 4322 1025 4421 pervenisset
1053 4324 1157 4419 (nam
1183 4334 1264 4393 ante
1281 4319 1433 4393 duarum

421 4550 453 4610 i.
480 4547 606 4607 william
619 4550 725 4623 Nevill,
736 4548 799 4609 iord
813 4547 1107 4632 Faioonbridge,p1us
1120 4549 1183 4611 tard
1196 4562 1290 4611 comte
1301 4550 1432 4615 delient.

420 4653 448 4713 2.
470 4652 511 4710 Le
525 4654 563 4708 tt
580 4648 647 4711 mai.
