3892 5892
498 876 539 934 ¹⁰
781 874 1039 936 msmmsuult
1058 873 1193 934 alnou
1213 875 1268 932 vn

498 999 641 1098 cigenas
650 998 698 1072 ad
709 998 956 1074 dimicandum
966 1014 1002 1074 et
1014 1001 1142 1101 proelio
1153 997 1459 1097 congrediendum
1471 1023 1558 1097 pro-

497 1137 628 1186 vocare
649 1128 686 1187 et
708 1114 886 1189 attrahere
907 1130 1040 1214 posset.
1068 1117 1254 1189 accinctus
1277 1114 1384 1211 igitur
1407 1113 1474 1184 iter
1489 1113 1560 1208 egit

497 1254 563 1328 per
583 1254 689 1326 agros
703 1231 905 1304 Caletenses
913 1233 936 1323 ¹,
956 1230 1093 1331 praedas
1114 1230 1254 1329 agendo
1273 1244 1309 1302 et
1325 1242 1454 1302 cuncta
1471 1228 1557 1300 diri·
1586 1304 1592 1312 ,

497 1344 652 1444 piendo;
680 1359 716 1418 et
737 1343 886 1418 flumine
902 1348 1107 1418 Summonae
1132 1345 1357 1437 transmisso,
1380 1344 1419 1414 in
1440 1343 1558 1416 Picar-

499 1460 596 1534 diam
613 1463 723 1534 venit.
748 1461 903 1534 Franciae
925 1485 1013 1533 vero
1028 1461 1207 1560 principes
1230 1473 1266 1533 et
1282 1459 1491 1558 optimates,
1510 1459 1558 1530 ad

496 1604 664 1679 magnam
689 1579 758 1653 sibi
788 1605 972 1654 cessurum
1005 1580 1241 1678 ignominiam
1272 1571 1506 1678 reputantes,
1528 1579 1558 1652 si

496 1699 625 1798 praedis
650 1713 822 1772 onustum
847 1722 932 1771 cum
955 1699 1180 1797 captivorum
1208 1695 1454 1786 multitudine,
1483 1711 1557 1770 tarn

495 1811 607 1912 longo
621 1814 746 1888 itinere
758 1815 882 1888 omnia
897 1813 1119 1888 devastando
1132 1827 1169 1885 et
1180 1812 1396 1913 diripiendo,
1414 1809 1557 1885 hostem

494 1929 594 2002 abire
621 1931 888 2030 permisissent,
923 1931 1117 2008 exercitum
1156 1954 1329 2026 magnum
1361 1927 1406 2000 de
1447 1928 1557 2001 totius

495 2047 597 2144 regni
608 2046 795 2120 nobilitate
808 2062 844 2120 et
854 2047 1037 2143 armigeris
1054 2059 1268 2142 coegerunt,
1284 2068 1369 2116 nam
1384 2067 1556 2118 numerus

495 2161 700 2261 quadruplo
725 2162 937 2260 etamplius
961 2161 1077 2258 major
1102 2185 1211 2259 quam
1238 2161 1431 2256 Anglorum
1455 2185 1556 2232 exer·

493 2277 584 2351 citus
601 2292 689 2351 erat.
710 2277 781 2351 Sed
805 2291 903 2352 certe
923 2275 1044 2372 Anglis
1061 2276 1295 2373 Virgilianum
1311 2275 1401 2349 illud
1420 2299 1556 2348 conve-

496 2393 574 2464 nire
594 2405 757 2495 poterat:

650 2561 747 2634 Exigui
759 2577 872 2615 numero
883 2601 891 2629 ,
901 2558 949 2614 sed
962 2560 1034 2614 bello
1043 2559 1134 2615 vivida
1144 2559 1237 2616 virtus.
1352 2603 1353 2608 η

491 2724 626 2795 Contra
649 2744 736 2793 vero
756 2719 901 2810 Franci,
926 2716 1010 2790 licet
1028 2717 1167 2790 robusti
1187 2718 1271 2792 satis
1289 2732 1326 2791 et
1344 2719 1452 2790 armis
1476 2720 1553 2792 ani-

491 2839 632 2935 misque
645 2836 809 2909 instructi
826 2835 960 2922 forent,
978 2849 1099 2906 tamen
1117 2833 1254 2933 absque
1270 2835 1415 2909 militari
1426 2835 1553 2908 ordine

491 2965 527 3024 et
541 2951 746 3049 disciplina,
758 2966 882 3048 atque,
897 2974 940 3022 ex
956 2951 1065 3046 longa
1082 2951 1201 3047 quiete
1218 2964 1253 3023 et
1269 2976 1377 3050 pace,
1395 2953 1553 3027 exercitii

490 3091 674 3139 armorum
700 3068 900 3165 inexpertes
926 3080 1041 3139 erant.
1079 3067 1150 3165 lpsi
1179 3067 1299 3166 itaque
1329 3093 1371 3140 ex
1403 3069 1552 3141 diversis

490 3183 591 3279 regni
600 3181 778 3282 partibus,
791 3196 865 3254 tam
881 3181 1062 3280 principes
1070 3182 1238 3278 majores,
1257 3207 1367 3280 quarn
1377 3185 1548 3278 minores,

490 3299 613 3390 duces,
638 3299 808 3392 comites,
834 3298 1009 3388 barones,
1036 3299 1165 3372 milites
1190 3313 1226 3370 et
1246 3297 1388 3372 nobiles
1416 3301 1551 3396 ingenti

490 3440 644 3490 numero
660 3415 885 3514 congregati,
906 3415 1052 3487 obviam
1068 3439 1106 3488 se
1123 3413 1319 3512 Anglomm
1337 3417 1413 3512 regi
1431 3431 1468 3489 et
1484 3441 1551 3489 suo

488 3532 658 3605 exercitui
677 3531 852 3630 objicere,
873 3555 920 3605 ne
941 3529 1035 3602 ultra
1055 3531 1282 3629 procederet,
1299 3530 1545 3606 decreverunt.

489 3648 598 3738 Quod
622 3664 658 3720 et
677 3648 860 3739 fecerunt,
883 3661 924 3719 ut
943 3670 1006 3718 eos
1026 3647 1072 3718 ad
1092 3647 1339 3720 dimicandum
1355 3649 1548 3749 compelle·

487 3777 580 3836 rent.
605 3767 651 3836 Et
669 3762 789 3835 ferunt
807 3760 974 3835 nonnulli
993 3761 1107 3858 (quod
1124 3785 1170 3835 an
1191 3763 1241 3836 ita
1256 3789 1293 3836 se
1309 3763 1457 3857 habeat,
1473 3789 1548 3836 non

488 3882 571 3954 satis
597 3877 772 3952 habemus
801 3877 1043 3974 compertum)
1074 3902 1195 3975 regern
1221 3878 1436 3976 Anglorum‚
1464 3905 1549 3953 cum

489 4011 563 4069 tarn
578 4016 810 4067 numerosum
824 4005 932 4089 atque
943 3989 1100 4063 validum
1113 3993 1309 4064 exercitum
1323 3993 1389 4066 sibi
1400 3993 1547 4066 obvium

492 4113 680 4186 accessisse
697 4109 929 4204 intelligeret,
961 4105 1115 4178 ducibus
1131 4112 1351 4182 Francorum
1377 4110 1548 4184 obtulisse

491 4229 674 4302 restituere
689 4226 865 4326 oppidum
876 4222 923 4297 dc
939 4221 1057 4315 Cales,
1076 4237 1112 4294 et
1123 4246 1295 4320 magnum
1310 4226 1388 4299 auri
1402 4226 1548 4325 pondus
1610 4251 1620 4272 ¹

490 4345 715 4440 persolvere,
737 4344 768 4417 si
784 4341 896 4416 libere
920 4356 956 4415 et
976 4339 1112 4437 absque
1128 4339 1262 4414 damno
1278 4343 1393 4438 gentis
1412 4368 1484 4416 suae
1499 4345 1547 4418 ad

528 4616 559 4674 1.
580 4608 860 4691 uppusun.
