3892 5892
514 924 550 983 38
800 920 1056 981 mstomaltun
1076 920 1212 978 canon
1232 921 1285 976 vn

511 1046 719 1119 simulantes
734 1044 823 1117 velle
841 1066 967 1144 pacem
981 1056 1088 1139 atque
1100 1042 1291 1114 amicitiam
1304 1066 1388 1114 cum
1398 1042 1476 1140 ipso
1488 1046 1573 1115 Bur·

511 1160 737 1257 gundionum
754 1160 846 1233 duce
862 1156 1044 1231 conciliari
1058 1172 1094 1229 et
1111 1156 1317 1254 reformari,
1336 1152 1468 1255 ipsum,
1486 1156 1572 1230 data

510 1276 577 1347 sibi
603 1278 703 1348 omni
716 1275 787 1349 fide
803 1290 839 1347 et
850 1272 1036 1346 securitate
1047 1297 1125 1371 quae
1137 1272 1214 1344 dari
1231 1272 1355 1371 possit,
1373 1270 1419 1343 ad
1433 1270 1570 1344 dictum

511 1406 664 1465 castrum
697 1392 742 1465 de
770 1386 1001 1463 Monsterolio
1033 1387 1225 1460 adventare
1250 1401 1491 1486 procurarunt,
1524 1386 1572 1459 ad

510 1509 735 1607 praesentiam
761 1505 942 1604 delphini,
978 1504 1079 1601 quasi
1110 1502 1158 1575 de
1180 1503 1325 1599 negotio
1352 1503 1450 1602 pacis
1474 1502 1571 1576 bona

511 1622 581 1695 fide
601 1623 695 1695 inter
717 1620 864 1694 eosdem
885 1619 1079 1691 tractaturi.
1100 1621 1190 1691 Cum
1207 1632 1328 1691 autem
1353 1617 1415 1689 illo
1442 1617 1572 1690 adven·

510 1752 636 1830 tasset,
664 1737 752 1809 nihil
783 1735 994 1808 insidiarum
1015 1736 1234 1831 suspicatus,
1262 1748 1298 1805 et
1322 1732 1394 1805 hoe
1425 1732 1571 1831 quidem

509 1868 636 1925 contra
656 1852 895 1949 plurimorum
917 1849 963 1922 de
984 1851 1057 1922 suis
1079 1852 1312 1949 opinionem,
1338 1850 1403 1947 qui
1422 1850 1469 1927 de
1484 1850 1571 1923 dolo

509 1982 617 2065 atque
634 1965 772 2039 insidiis
786 1966 1038 2039 vehementem
1058 1966 1300 2064 suspicionem
1312 1963 1515 2056 habebant,
1534 1967 1571 2037 in

510 2084 696 2183 praesentia
716 2084 825 2181 ipsius
847 2082 1032 2180 delphini,
1057 2083 1095 2153 in
1119 2084 1257 2154 cervice
1282 2106 1491 2182 percussus,
1521 2083 1573 2154 in-

511 2214 705 2298 teremptus
726 2214 778 2271 est
795 2196 1070 2270 miser·abiliter¹.

561 2322 588 2387 Α
611 2341 684 2414 quo
701 2329 820 2388 autem
838 2312 893 2385 vel
910 2337 932 2385 a
950 2311 1080 2410 quibus
1094 2337 1282 2411 percussus
1298 2314 1480 2405 exstiterit,
1498 2313 1574 2385 dil-

499 2432 615 2517 vlinire
632 2455 707 2503 non
727 2452 929 2529 possumus.
954 2428 1116 2526 Suspecti
1132 2426 1280 2525 quidem
1302 2427 1348 2500 de
1371 2427 1444 2500 hoc
1459 2427 1573 2500 habiti

510 2562 593 2621 sunt
615 2546 778 2645 praelatus
796 2546 1049 2642 Tenncquinus
1065 2542 1110 2615 de
1130 2547 1277 2633 Castro,
1302 2542 1347 2615 de
1371 2568 1445 2642 quo
1465 2568 1574 2643 supra

512 2662 771 2748 meminimus¹,
797 2673 833 2731 et
861 2658 949 2729 alius
974 2658 1135 2753 egregius
1152 2681 1194 2730 ae
1212 2672 1376 2731 strenuus
1403 2659 1504 2731 miles
1527 2659 1574 2732 de

512 2774 672 2874 partibus
693 2774 900 2868 Aquitania,
921 2786 1162 2868 cognomento
1187 2771 1400 2863 Bormam,
1429 2771 1475 2845 de
1498 2798 1573 2871 quo

512 2916 549 2962 se
571 2910 781 2986 expurgasse
807 2912 827 2958 a
845 2884 966 2957 multis
982 2900 1155 2957 assertum
1178 2901 1243 2958 est.
1264 2892 1413 2959 Constat
1431 2902 1570 2980 tamen,

512 3027 823 3103 quorumcumque
848 3002 884 3073 id
908 3002 1074 3074 manibus
1086 3018 1265 3100 patratum
1282 3006 1470 3094 exstiterit,
1489 3030 1573 3079 eum

511 3122 548 3192 in
570 3119 667 3191 dicto
689 3132 805 3190 castro
832 3118 882 3189 sic
905 3133 1112 3207 enecatum,
1142 3119 1179 3189 in
1205 3120 1391 3216 praesentia
1411 3120 1573 3219 delphini

499 3238 619 3315 luisse
640 3236 831 3309 crudeliter
849 3240 1114 3336 peremptum‘3
1138 3237 1217 3333 qui,
1238 3236 1339 3333 quod
1355 3236 1402 3310 de
1418 3236 1491 3310 hoc
1506 3240 1572 3309 mi·

512 3354 609 3425 nime
625 3353 789 3426 conscius
807 3352 933 3441 luerit,
951 3352 1026 3423 imo
1042 3352 1176 3425 lactum
1191 3352 1422 3425 vehementer
1437 3352 1574 3427 exhor-

513 3472 596 3561 ruit,
615 3470 769 3568 quitum
790 3468 908 3542 adhuc
924 3468 1067 3565 juvenis
1086 3484 1122 3541 et
1140 3468 1348 3541 adolescens
1369 3484 1462 3558 erat,
1487 3494 1573 3542 con·

513 3586 724 3659 stantissime
740 3597 775 3656 et
787 3608 809 3655 a
822 3608 860 3655 se
877 3595 914 3655 et
927 3581 1122 3681 apluribus
1132 3584 1209 3655 aliis
1225 3596 1398 3655 assertum
1414 3599 1467 3655 est
1482 3609 1573 3656 sem·

513 3726 588 3801 per.
616 3704 669 3770 De
686 3722 758 3795 qua
775 3721 814 3769 re
830 3695 1008 3767 sentiendi
1024 3695 1223 3770 libertatern
1240 3698 1448 3795 unicuique,
1467 3713 1573 3798 prout

512 3818 626 3904 volet,
642 3813 936 3909 derelinquimus.

552 4023 582 4077 l.
604 4022 645 4077 Le
659 4019 696 4075 10
706 4010 869 4093 septembre
883 4013 972 4070 tela.

551 4111 581 4166 2.
603 4104 765 4175 Ci-dessus‚
783 4122 813 4181 p.
833 4103 882 4160 29.

552 4202 581 4257 3.
604 4193 724 4255 Amaud
741 4190 877 4252 Guilhern
891 4189 929 4249 de
947 4186 1103 4249 Barbasan.
1120 4190 1242 4249 Suivant
1255 4192 1435 4265 Moustrelet,
1457 4212 1491 4253 ce
1513 4192 1571 4253 sei-

511 4308 604 4370 gneus
630 4307 667 4345 au
688 4282 832 4344 contraire
844 4279 941 4340 bltma
955 4280 1124 4339 hautemeut
1137 4279 1277 4340 l'attentat
1295 4280 1334 4340 du
1349 4293 1421 4361 pont
1434 4280 1471 4342 de
1485 4286 1571 4341 lton·

510 4392 620 4437 tereau.

551 4471 579 4526 l.
602 4470 676 4523 Tout
691 4486 724 4523 ce
741 4460 791 4541 qui
807 4459 941 4541 precede,
956 4458 1059 4538 depuis
1071 4457 1099 4517 le
1114 4472 1361 4519 commeneemeut
1373 4458 1413 4520 du
1429 4460 1570 4539 chapitre,

510 4576 526 4615 a
549 4555 594 4614 dte
614 4552 770 4618 intercale,
790 4569 861 4609 arec
882 4548 918 4608 de
934 4546 1046 4629 legeres
1065 4547 1291 4623 modificatione,
1306 4548 1378 4610 dena
1390 4553 1433 4609 les
1444 4552 1572 4609 Amata

511 4646 654 4703 Flandrr'a
666 4641 703 4700 de
714 4644 826 4718 Meyer,
838 4638 859 4700 l.
874 4640 938 4697 XV.
