3892 5892
693 918 802 973 naun
824 919 994 988 ournrus.
1316 918 1368 974 aar

315 1037 475 1136 gurdiae,
501 1041 557 1112 sui
579 1038 746 1112 desiderii
771 1039 938 1136 potiundi
969 1063 1076 1112 causa
1109 1053 1145 1112 et
1171 1036 1218 1126 ad
1246 1063 1375 1137 pravos

315 1178 401 1225 suos
416 1151 648 1252 perveniendi
666 1151 775 1246 finer,
792 1152 913 1226 fovere
929 1167 965 1224 et
977 1153 1108 1249 jugiter
1125 1155 1262 1224 nutrire
1283 1169 1374 1226 sata·

316 1269 467 1366 gebant,
498 1284 667 1366 tauquam
695 1283 888 1366 suspectae,
917 1281 1042 1368 spretae
1069 1267 1209 1338 suerunt
1231 1282 1265 1338 et
1288 1294 1370 1340 con·

316 1400 459 1484 temptae
478 1411 485 1454 :
505 1384 777 1480 suggerentibus
800 1373 883 1484 ipsis
904 1385 985 1458 frcte
1009 1401 1044 1458 et
1066 1385 1239 1457 malitiose
1256 1388 1377 1458 omnia

316 1501 395 1572 haec
413 1527 477 1602 per
493 1501 622 1573 ducem
637 1501 931 1598 Burgundionum
947 1501 1122 1592 simulari,
1139 1503 1377 1600 praesumique

316 1619 438 1716 potius
449 1617 600 1708 debere,
616 1616 684 1689 sub
692 1615 943 1713 hujuscemodi
954 1615 1073 1688 verbis
1085 1614 1195 1689 veluti
1208 1617 1376 1715 pacificis,

317 1735 355 1804 in
375 1731 461 1804 dolo
485 1735 679 1805 exercitum
705 1756 875 1826 magnum
896 1732 986 1804 veile
1010 1732 1175 1828 colligere
1200 1745 1234 1804 ct
1259 1757 1377 1829 regern

317 1849 581 1938 cicumvenire,
607 1861 646 1918 ut
671 1847 906 1944 improvisum
930 1871 1012 1917 eum
1030 1861 1064 1918 ct
1080 1848 1295 1948 impar-atum
1317 1871 1380 1943 ag-

319 1962 418 2058 gredi
444 1978 585 2060 posset,
604 1987 714 2060 quam
732 1961 832 2058 quod
850 1960 909 2034 iila
928 1985 1007 2058 quac
1020 1962 1177 2058 jactabat
1199 1963 1244 2036 de
1268 1989 1380 2064 expu-

319 2078 488 2176 gnatione
503 2082 698 2150 'furcarum
714 2075 821 2148 veliet
835 2075 1007 2175 perficere
1023 2079 1078 2148 vel
1095 2093 1280 2152 attentare.

370 2191 561 2291 Repulsam
583 2194 701 2291 itaque
716 2211 950 2282 consecutus,
980 2217 1061 2263 cum
1086 2193 1186 2265 nullo
1204 2209 1309 2292 pacto
1327 2221 1381 2268 se-

320 2310 461 2384 curitati
474 2303 649 2380 terrarum
660 2333 804 2380 suarum
814 2308 1013 2407 prenderet
1024 2333 1059 2380 se
1067 2333 1172 2406 posse
1180 2311 1379 2402 consulere,

320 2427 349 2498 si
367 2437 440 2497 tam
458 2424 629 2506 arduam,
652 2438 726 2494 tam
742 2423 887 2520 longam
902 2437 1009 2521 atquc
1026 2421 1204 2496 difficilem
1226 2427 1382 2524 peregri-

320 2544 506 2615 nationem
526 2541 662 2632 obiret,
688 2540 945 2638 quiescendum
964 2541 1084 2640 potius
1104 2553 1139 2612 et
1164 2541 1210 2612 ad
1229 2541 1382 2613 tuendos

320 2658 377 2731 sui
397 2657 538 2756 imperii
553 2654 716 2728 subditos
733 2669 839 2753 atque
856 2655 947 2726 srnes
963 2653 1222 2752 invigilandum
1240 2657 1383 2728 consui·

322 2775 392 2847 tius
408 2773 520 2845 duxit.
544 2775 616 2844 Nec
639 2785 759 2842 tamen
776 2783 899 2869 postea
927 2769 1067 2858 omisit,
1089 2791 1172 2840 cum
1200 2769 1308 2840 felicis
1330 2793 1383 2839 re-

321 2887 541 2961 cordationis
570 2909 663 2986 papa
688 2886 789 2957 Pius¹
809 2886 989 2986 principes
1009 2884 1221 2956 christianos
1250 2883 1295 2956 ad
1316 2883 1382 2955 hu-

316 3003 478 3103 jusmodi
491 3003 689 3075 infidelium
700 3001 1001 3100 expugnationem
1016 2999 1225 3072 cohortatus
1241 2999 1381 3080 fuisset.

321 3143 433 3215 seque
440 3131 662 3216 praesentem,
675 3141 758 3186 curn
769 3114 1119 3212 quibusquantisque
1128 3131 1246 3214 posset
1255 3117 1380 3215 copiis,

321 3233 529 3307 adiuturum
540 3231 736 3320 obtulisset,
753 3242 789 3299 et
798 3245 1003 3326 comparata
1016 3231 1126 3301 classe
1137 3231 1386 3328 adjunctisque

323 3347 495 3422 militibus
511 3349 618 3418 etiam
635 3369 751 3441 usque
768 3349 951 3417 Anconam
968 3371 1010 3417 ex
1031 3347 1125 3416 Urbe
1135 3349 1289 3418 venisset
1306 3349 1382 3442 (ubi

322 3479 441 3538 morte
466 3475 661 3562 praereptus
680 3461 781 3556 esd),
807 3461 913 3556 quin,
940 3459 987 3531 ad
1010 3459 1217 3556 hujusmodi
1239 3463 1383 3560 expedi·

324 3583 461 3652 tionem
479 3593 515 3649 ct
532 3575 616 3647 fidei
632 3590 667 3646 et
684 3573 848 3646 Ecclesiae
862 3573 926 3644 Dci
941 3573 1154 3664 subsidium,
1170 3599 1337 3673 magnam
1348 3593 1382 3648 et

323 3695 481 3769 validam
511 3707 683 3764 armatam
714 3691 968 3764 transmitteret
1000 3715 1083 3762 cum
1110 3689 1222 3763 classe
1248 3695 1383 3792 optime

324 3811 478 3884 navibus
502 3823 538 3880 et
561 3809 668 3880 armis
694 3808 876 3879 instnrcta.
907 3805 1015 3903 Cujus
1039 3805 1208 3879 ducatum
1234 3807 1383 3900 domiuo

325 3927 496 4015 Antonio,
512 3923 664 3997 naturaii
677 3949 744 3996 suo
761 3922 863 4010 titio,
876 3921 1015 4016 famoso
1027 3936 1061 3994 et
1075 3937 1219 3994 strenuo
1232 3924 1384 3997 miiitum

326 4043 409 4115 duci
427 4057 463 4114 et
478 4042 679 4140 capitaneo,
692 4040 930 4112 commiserat.
944 4041 1119 4112 Antonius
1136 4053 1269 4134 autern,
1286 4041 1386 4114 intel·

325 4156 419 4230 tecta
437 4155 619 4229 Pontificis
634 4169 769 4245 morte,
787 4169 820 4225 et
839 4153 938 4249 quod
957 4154 1085 4228 adorsa
1103 4169 1140 4228 et
1155 4171 1266 4256 crepta
1282 4181 1386 4256 expe·

367 4376 397 4430 t.
420 4371 470 4430 Pie
483 4377 521 4434 tt.

367 4461 398 4518 2.
420 4463 702 4520 letttrotrtttt.

369 4551 398 4607 3.
421 4548 561 4621 Αιιιοίιιο,
581 4549 685 4628 appete
705 4546 931 4608 ordinairement
948 4547 976 4606 ie
999 4543 1224 4606 uranu-utum
1244 4545 1281 4606 dc
1299 4551 1390 4608 nour-

328 4657 433 4720 ⁸⁰⁸⁰&
