3892 5892
518 902 577 957 lbi
799 895 1057 957 fflswtttsmttr
1076 898 1213 957 mou
1232 900 1286 956 VII

516 1021 605 1095 ralis
617 1018 774 1095 exercitii
788 1035 826 1095 et
840 1023 996 1120 piratium
1009 1020 1093 1095 satis
1107 1022 1211 1121 periti
1223 1034 1260 1093 et
1281 1016 1469 1101 doctiores
1483 1038 1575 1095 con-

516 1152 733 1221 sueverunt;
752 1137 865 1232 unde,
892 1152 933 1211 ut
958 1164 999 1213 se
1020 1138 1262 1213 incommodis
1275 1138 1444 1233 diutinae,
1462 1161 1572 1239 quam

515 1257 609 1354 passi
633 1256 805 1358 fuerant„
820 1255 1020 1328 obsidionis
1040 1271 1147 1353 atque
1168 1256 1334 1355 periculis
1355 1256 1569 1349 liberarent,

515 1372 757 1447 strenuissime
772 1372 811 1443 in
825 1370 959 1443 insultu
975 1370 1037 1444 illo
1053 1387 1161 1471 atque
1174 1374 1435 1473 expugnatione
1450 1396 1489 1446 se
1503 1374 1570 1447 baa

514 1484 634 1557 buisse
652 1482 875 1576 serebantur,
893 1484 944 1556 illi
961 1488 1114 1559 maxime
1135 1488 1197 1585 qui
1218 1488 1368 1561 nauticis
1388 1486 1571 1561 laboribus

515 1606 692 1677 anteriore
704 1618 869 1703 tempore
876 1603 1116 1677 indulsissent.
1132 1604 1253 1677 Ethoc
1266 1602 1412 1702 quidem
1428 1606 1571 1677 initium

514 1723 598 1793 satis
622 1721 776 1793 faustum
805 1719 887 1792 fuit
901 1744 1022 1793 rerum
1046 1746 1067 1794 e
1093 1720 1240 1819 praelato
1265 1721 1447 1795 ludovico
1473 1721 1570 1795 bello

515 1851 692 1933 gestarum
716 1838 754 1907 in
777 1835 918 1929 bostes3
943 1860 1029 1911 narn
1054 1836 1101 1910 de
1123 1839 1238 1937 prima
1267 1858 1379 1934 quam
1401 1838 1570 1911 adversus

514 1971 652 2054 patrem
669 1980 795 2053 guerra
814 1957 959 2031 molitus
979 1944 1074 2052 erat,
1089 1982 1196 2058 supra
1212 1982 1280 2031 suo
1293 1958 1420 2031 ordine
1437 1970 1472 2031 et
1487 1958 1568 2031 loco

514 2072 711 2144 retulimus.
732 2077 824 2146 Laus
839 2088 959 2147 tameo
975 2075 1085 2147 totius
1098 2074 1204 2170 hujus
1224 2071 1306 2146 lacti
1327 2068 1569 2173 principaliter

513 2185 564 2256 illi
579 2186 693 2259 nobili
710 2190 832 2263 comiti
845 2191 1006 2263 Dunensi
1025 2188 1298 2281 reddendam,
1320 2177 1422 2285 cujus
1435 2189 1570 2287 sepien-

512 2302 579 2394 tia,
597 2303 751 2375 consilio
772 2318 808 2380 et
824 2308 1051 2397 strenuitate,
1069 2305 1161 2375 stcur
1177 2303 1245 2375 alia
1261 2290 1416 2402 plurima
1429 2306 1569 2401 'magni-

512 2416 596 2508 lice,
617 2420 667 2493 ita
680 2420 753 2494 boc
767 2435 952 2520 patratum·
964 2437 1000 2495 et
1010 2433 1300 2493 consummatum
1311 2418 1394 2491 luit.

853 2634 1109 2755 carnutum
1133 2686 1224 2755 xrx.
1420 2680 1423 2687 ’

564 2805 680 2912 Mittitur
690 2851 789 2922 legatur
801 2848 836 2902 ab
846 2848 941 2919 Anglia
952 2848 981 2901 in
992 2848 1105 2901 Galbam
1114 2886 1125 2913 ,
1134 2846 1169 2901 ad
1181 2846 1323 2920 petendam
1334 2866 1443 2903 uxorem
1459 2848 1514 2923 regi

568 2930 573 2937 ’
782 2936 929 3007 Anglorum
940 2936 1073 3001 llenrico,
1086 2934 1141 2990 dux
1153 2936 1294 2993 suffulcis.

559 3101 651 3169 Cum
667 3098 787 3193 itaque
801 3120 860 3168 res
873 3095 1070 3192 anglorum
1082 3095 1120 3167 in
1136 3096 1354 3176 Normannia
1371 3108 1407 3170 ct
1419 3098 1568 3172 Francia

511 3212 782 3303 delabereutur‚
816 3226 853 3286 et
883 3217 1113 3285 Francorum.
1137 3212 1356 3311 pedetentim
1384 3228 1440 3303 et,
1469 3214 1567 3287 velut

510 3334 666 3432 quadam
682 3334 880 3427 alluvione,
899 3333 991 3407 fines
1018 3348 1125 3433 etque
1152 3334 1344 3433 imperium
1365 3335 1566 3408 incremen-

509 3467 588 3524 tum
603 3452 819 3551 acciperent,
836 3466 874 3524 et
894 3450 942 3524 ad
968 3476 1085 3525 annos
1102 3472 1217 3548 usque
1241 3448 1566 3549 plentcpubertatis

488 3551 682 3645 'Heoricus
702 3573 898 3670 rugiorum
917 3596 980 3645 rer
1004 3571 1239 3659 adolevisset,
1264 3572 1466 3667 cogitarunt
1479 3594 1565 3670 pro-

510 3712 607 3761 ceres
630 3689 782 3785 Angliae,
799 3712 847 3762 ne
861 3712 1012 3785 regnum
1029 3688 1148 3787 ipsum
1163 3670 1319 3783 legitima
1341 3688 1565 3760 successione

507 3816 665 3888 careret,
683 3820 723 3876 ut
732 3804 922 3901 conjugem
934 3804 982 3877 de
997 3802 1109 3874 domo
1125 3799 1245 3899 aliqua
1256 3800 1380 3873 illustri
1390 3801 1458 3874 sibi
1470 3824 1564 3899 qute-

507 3935 642 4010 rerent;
660 3935 696 3992 et
712 3944 786 3991 non
804 3922 1024 3991 invenientes
1039 3919 1268 3991 illustriorem
1286 3917 1437 3991 domum
1456 3942 1565 4017 quam

506 4059 657 4131 regnum
675 4036 849 4129 Franciae,
867 4035 1050 4108 deeadm
1065 4036 1176 4107 domo
1192 4060 1271 4109 cam
1287 4034 1563 4135 perquirendum

508 4153 756 4227 decreverunt.
776 4158 843 4225 Per
865 4153 966 4252 quod
982 4153 1252 4247 matrimonium
1277 4176 1358 4251 spes
1383 4152 1490 4225 etiam
1510 4153 1565 4223 in·

507 4270 633 4341 eundae
649 4284 686 4342 et
700 4265 972 4341 reconcilianda
986 4268 1083 4367 pacis
1096 4266 1189 4339 inter
1202 4290 1302 4367 reges
1312 4284 1350 4341 et
1362 4290 1469 4364 regna
1480 4290 1579 4339 con·

507 4383 577 4481 cipi
602 4398 639 4455 et
665 4384 778 4482 accipi
793 4398 935 4483 posset3
960 4382 1094 4455 diutius
1120 4382 1219 4453 enim
1243 4383 1436 4454 inimicitiis
1457 4396 1563 4481 atque

482 4499 609 4571 bellis
629 4502 812 4600 utriusque
834 4502 936 4599 regni
949 4502 1044 4573 vires
1060 4498 1212 4571 multum
1228 4499 1352 4571 attritae
1366 4496 1563 4572 diminuta-

507 4640 579 4715 que
606 4632 720 4690 erant.
752 4621 874 4717 Longe
900 4635 1021 4692 tamen
1047 4630 1084 4688 et
1107 4639 1207 4714 paene
1239 4614 1563 4714 incomparabiliter
