3892 5892
723 879 833 936 unna
859 879 1036 964 ausurus„
1348 881 1406 938 esu

349 1017 575 1102 compertum
590 999 767 1090 hamunt,
796 999 931 1100 duplici
947 999 1146 1098 angebatur
1161 1016 1278 1094 metu,
1294 1003 1411 1076 existi·

350 1143 453 1192 mans
465 1118 685 1216 quodetiam
702 1116 869 1189 eumdem
885 1118 922 1188 in
937 1117 1105 1211 injuriam
1123 1141 1224 1190 suam
1237 1119 1311 1217 ipse
1324 1123 1411 1190 Bur·

350 1233 576 1333 gundionum
604 1234 676 1306 dus
704 1231 831 1304 callide
860 1233 1069 1305 attraxisset.
1094 1234 1412 1322 Quemadmodum

351 1350 449 1420 enim
469 1350 506 1420 in
525 1346 768 1446 superioribus
791 1346 989 1443 tetigimus,
1009 1348 1073 1419 etsi
1096 1347 1133 1421 in
1154 1346 1319 1420 htrebato
1337 1349 1412 1445 jam

351 1466 440 1537 olim
453 1466 545 1536 inter
563 1463 730 1536 Carolum
749 1489 870 1561 regern
888 1479 925 1536 et
934 1463 1102 1536 eumdem
1118 1465 1414 1562 Burgundionum

352 1579 481 1652 ducem
497 1604 567 1678 pax
583 1579 704 1652 fuisset
721 1577 874 1651 solidata
889 1593 925 1650 et
940 1578 1075 1674 jurata,
1096 1605 1281 1678 nunquam
1294 1595 1412 1654 tamen

352 1709 543 1796 propterea
570 1693 764 1768 concordia
790 1719 854 1766 seu
876 1717 960 1766 vera
979 1693 1131 1767 charitas
1151 1696 1245 1768 inter
1268 1696 1414 1770 eosdem

354 1811 461 1882 luisse
480 1825 673 1910 conspecta
697 1825 770 1904 est,
792 1808 875 1882 licet
895 1834 989 1907 sepe
1014 1811 1091 1909 ipse
1117 1812 1415 1910 Burgundionum

354 1925 428 2000 dux
445 1949 524 1999 eam
539 1951 578 2000 se
595 1926 748 1998 maxime
764 1938 909 2024 captare
924 1923 1131 1996 ostenderit.

705 2198 960 2274 CAPITULUM
984 2202 1076 2274 XlV.

354 2391 475 2463 Qualiter
480 2391 632 2465 Philippus,
643 2389 699 2444 dux
709 2387 881 2462 Burgundio,
892 2387 1037 2442 amicitiam
1044 2387 1133 2442 Caroli
1142 2388 1210 2461 regis
1220 2407 1248 2444 se
1259 2389 1419 2446 desiderasse

559 2478 724 2546 ostenderit,
735 2491 814 2550 atque
825 2476 859 2531 de
870 2497 903 2531 eo
913 2496 942 2531 se
952 2476 1053 2548 optime
1065 2475 1212 2532 confidere.

403 2647 512 2737 Quod
529 2662 724 2744 utcumque
744 2661 779 2720 et
803 2671 879 2718 non
907 2645 977 2718 levi
1003 2645 1188 2718 dumtaxat
1213 2647 1419 2744 conjectura

356 2764 616 2864 approbemus,
643 2760 839 2837 reseremus
854 2783 976 2834 casum
995 2785 1109 2833 unurn
1127 2787 1169 2832 ex
1188 2786 1260 2860 quo
1279 2763 1420 2834 unicui·

357 2905 428 2978 que
440 2878 540 2952 facile
552 2893 716 2952 constare
728 2878 841 2977 possit
854 2878 973 2977 ipsum
987 2875 1192 2976 Philippum
1206 2877 1298 2974 regis
1313 2877 1422 2951 bene·

357 2996 552 3077 volentiam
568 2995 807 3084 desiderasse,
824 2993 996 3092 quodque
1013 2990 1058 3064 de
1074 3017 1119 3065 eo
1130 2992 1269 3066 nullam
1284 3009 1421 3092 gereret

357 3113 612 3204 diffidentiam,
633 3112 696 3185 sed
713 3111 818 3212 plene
839 3110 939 3207 quod
960 3111 1037 3206 ejus
1055 3109 1165 3182 fidem
1182 3112 1283 3210 sequi
1300 3112 1419 3202 vellet,

358 3227 545 3300 indicasse.

408 3349 520 3442 Capta
542 3341 629 3430 init,
655 3339 750 3440 prob
776 3337 903 3413 dolor!
925 3337 972 3411 ab
993 3339 1209 3436 imperatore
1225 3345 1422 3415 ‘furcarum

359 3459 419 3533 illa
430 3459 566 3530 famosa
578 3455 663 3527 urbs
679 3452 1027 3554 Constantinopolis,
1042 3455 1223 3527 orientalis
1238 3457 1422 3552 quondam

359 3573 500 3674 imperii
521 3572 624 3644 sedes
648 3584 683 3644 et
699 3585 829 3670 caput,
848 3572 944 3642 circa
960 3594 1098 3643 annum
1119 3577 1343 3663 uceccnm.¹,
1361 3573 1423 3645 diu

360 3706 555 3787 antequam
592 3684 664 3758 ulla
696 3687 906 3787 apparentia
938 3700 1003 3759 aut
1041 3687 1196 3786 suspicio
1230 3687 1425 3760 haberetur

361 3805 460 3905 quod
478 3803 643 3906 praelatus
667 3800 869 3902 Delphinus
884 3799 1033 3874 deberet
1058 3799 1103 3874 ad
1127 3803 1423 3902 Burgundionum

361 3921 490 3993 ducem
507 3917 718 4016 coningere,
737 3931 796 3989 aut
813 3919 984 4015 genitoris
1000 3917 1054 3988 sui
1069 3917 1351 4014 indignationem
1369 3919 1423 3991 in·

360 4059 517 4108 currere.
531 4039 651 4123 Quam
664 4033 930 4106 christianitatis
946 4032 1184 4138 calamitatem
1204 4059 1287 4106 cum
1307 4033 1425 4106 dictus

362 4151 435 4223 dux
463 4149 760 4249 Burgundionum
788 4150 896 4224 anxio
931 4165 1132 4245 moestoque
1164 4149 1284 4220 animo
1321 4147 1426 4222 valde

362 4266 597 4366 percepisset,
615 4264 694 4338 zelo
715 4263 914 4337 christiane
935 4264 1020 4336 fidei
1042 4279 1077 4336 et
1101 4263 1231 4336 divinae
1247 4261 1427 4361 religionis

362 4397 566 4480 permotus,
580 4395 706 4454 votum
722 4380 805 4453 fecit
820 4394 857 4452 et
872 4379 989 4452 emisit
1002 4379 1039 4452 in
1056 4378 1220 4478 propria,
1238 4403 1323 4451 oum
1344 4379 1427 4454 totis

405 4591 434 4647 l.
456 4583 725 4649 taetsmittss.

444 4713 456 4752 r
1272 4691 1308 4748 ts
