3892 5892
755 891 1049 964 unanuutrus.
1374 893 1432 950 ers

382 1031 418 1092 et
439 1015 549 1090 mttlta
565 1014 776 1090 eorumdem
794 1015 901 1088 millia
917 1037 1023 1102 caesa,
1042 1015 1175 1088 caeteris
1191 1017 1254 1113 qui
1270 1029 1434 1114 poterant

384 1131 466 1227 luga
485 1129 628 1228 elapsis,
645 1130 682 1202 ln
704 1153 775 1226 qua
797 1127 1001 1226 principalis
1024 1127 1183 1226 prolecto
1207 1129 1365 1226 ipsorum
1382 1153 1436 1202 ar·

384 1259 522 1320 matum
545 1267 697 1342 spesque
727 1242 885 1342 reposita
911 1241 1112 1314 videbatun
1144 1247 1251 1334 Nam,
1275 1247 1437 1340 quamvis

383 1359 472 1434 alter
494 1359 644 1432 alterum
662 1371 901 1456 provocantes
920 1371 1027 1452 atque
1047 1357 1275 1430 cohortantes
1296 1359 1342 1430 ad
1361 1383 1437 1432 cer·

385 1489 522 1567 tantem
548 1489 718 1570 tanquam
737 1487 881 1546 strenue
902 1471 1103 1544 dimicaturi
1120 1497 1196 1546 esse
1216 1490 1436 1573 putarentur,
1543 1473 1546 1484 '

384 1589 554 1664 audacter
583 1590 738 1678 exirent,
773 1602 811 1662 et
840 1613 954 1686 usque
987 1587 1033 1660 ad
1066 1587 1184 1661 locum
1221 1590 1286 1662 ubi
1314 1593 1441 1666 obvios

384 1699 559 1778 baberent
574 1703 697 1776 hostes
711 1701 882 1776 audacter
899 1701 1148 1801 procederent,
1164 1717 1297 1798 tamen,
1314 1705 1374 1778 ubi
1396 1709 1441 1778 ad

386 1820 593 1892 conflictum
606 1817 923 1914 dimicandumque
935 1817 1160 1904 veniebatur,
1174 1821 1335 1920 apprime
1346 1837 1442 1918 terga

386 1948 581 2025 vertentes,
607 1947 643 2006 et
667 1933 757 2006 alter
779 1957 886 2030 super
912 1934 1062 2006 alterum
1089 1933 1280 2008 acervatim
1303 1951 1445 2008 mentes

388 2073 535 2146 seseque
563 2050 612 2122 ita
640 2048 874 2136 suffocantes,
904 2047 950 2122 de
982 2049 1080 2121 nulla
1114 2050 1339 2146 defensione,
1371 2055 1445 2126 sola

388 2179 536 2261 excepta
567 2163 667 2271 luga,
701 2163 855 2260 cogitare
886 2163 1103 2236 videbantur
1118 2169 1139 2236 ¹.
1173 2165 1276 2238 Unde
1306 2181 1342 2238 et
1371 2168 1446 2266 pari

389 2277 522 2367 modo,
536 2277 639 2351 tertia
652 2278 750 2370 vice,
768 2278 867 2350 cresis
884 2302 1011 2352 eormn
1034 2277 1205 2350 militibus
1221 2279 1359 2370 multis,
1382 2284 1448 2354 lusi

389 2391 572 2489 fugatique
589 2393 732 2464 luerunt
745 2397 770 2465 ¹.

438 2507 508 2578 Sed
523 2507 757 2578 nihilominus
775 2532 841 2578 nec
860 2506 911 2578 sic
926 2506 1126 2598 cessabant,
1143 2507 1189 2580 ad
1206 2533 1449 2608 quascumque

389 2623 489 2698 villas
517 2625 645 2698 furtive
672 2623 835 2721 &mque
859 2624 1047 2722 pervenire
1074 2627 1291 2722 potuissent,
1321 2625 1449 2724 praedis

390 2737 645 2837 bonorumque
681 2738 942 2838 direptionibus
977 2753 1086 2836 atque
1125 2741 1297 2812 incendiis
1329 2743 1450 2813 omnia

391 2854 570 2929 deloedare
581 2871 618 2930 et
629 2855 1151 2946 vastare3donec,adveniente
1163 2869 1280 2930 astate
1292 2857 1449 2930 secunda

391 2985 473 3070 post
505 2971 593 3044 dicti
619 2970 887 3044 inchoationem
910 2971 1015 3062 belli,
1047 2967 1172 3044 v'olens
1199 2971 1452 3046 illustrissimus

392 3085 451 3154 ille
474 3085 673 3183 Philippus,
701 3111 828 3158 eorum
857 3085 1047 3176 dominus,
1066 3086 1200 3158 insanis
1224 3087 1369 3158 ausibus
1393 3114 1452 3158 eo-

393 3223 546 3295 rumque
566 3201 729 3272 amentiae
751 3215 884 3272 meum
909 3201 1117 3296 imponere,
1136 3203 1329 3272 contractis
1352 3203 1453 3272 undi-

393 3337 465 3409 que
482 3315 594 3409 copiis
610 3313 803 3410 validoque
823 3311 976 3384 collecto
997 3314 1171 3402 exercitu,
1191 3314 1237 3386 ad
1259 3339 1322 3386 eos
1344 3341 1452 3413 expu-

394 3427 557 3523 gnandos
573 3428 721 3525 propius
734 3425 905 3500 accedere
920 3425 1077 3498 decreuit
1093 3430 1115 3494 ³.
1134 3427 1316 3500 Tenebaut
1332 3443 1450 3501 autem

394 3543 462 3640 ipsi
501 3541 709 3614 Gaudenses
740 3556 841 3616 extra
870 3566 975 3614 suum
1008 3539 1185 3640 oppidum
1218 3543 1284 3614 tria
1315 3559 1451 3634 castra,

394 3683 549 3756 quorum
575 3683 688 3730 unum
709 3661 909 3756 Poucques,
935 3656 1086 3730 alterum
1112 3657 1360 3749 Skemlelbele,
1383 3675 1453 3732 ter-

436 3889 465 3944 t.
487 3883 556 3944 cela
571 3903 609 3944 ne
628 3883 774 3944 s’accorde
790 3903 844 3964 pas
860 3904 932 3946 arec
950 3903 986 3944 ce
1001 3903 1060 3963 que
1078 3883 1119 3944 dit
1134 3889 1256 3964 Jacques
1271 3885 1311 3944 dn
1326 3886 1452 3964 Clercqt

397 4000 412 4028 ι
431 3978 486 4033 Iaes
507 3975 626 4034 Gantois
647 3972 784 4052 lrayoient
805 3985 866 4032 tant
888 3975 914 4033 le
934 3974 1039 4038 ducet
1062 3977 1184 4036 estoient
1208 3989 1269 4036 tant
1290 3973 1416 4036 obstint'rs
1438 3979 1454 4034 ir

394 4062 423 4120 le
442 4063 527 4122 nuire
547 4075 577 4121 et
598 4063 670 4120 loire
695 4061 865 4142 huguerre,
892 4083 967 4140 que,
990 4078 1081 4141 quant
1099 4063 1135 4122 ilz
1156 4063 1278 4124 estoient
1300 4063 1398 4144 prins,
1420 4063 1456 4122 ila

394 4151 531 4210 aimoieru
551 4152 661 4210 nieulx
681 4150 771 4229 qn'on
793 4151 835 4210 les
855 4151 971 4230 pendist
993 4171 1051 4230 que
1074 4151 1112 4211 de
1130 4153 1210 4231 prier
1228 4171 1326 4230 morey
1348 4177 1354 4209 :
1377 4171 1455 4230 qnny

395 4239 501 4300 laisans
519 4261 559 4300 on
582 4241 646 4300 leur
664 4239 828 4318 respiteroit
849 4240 930 4302 leun
947 4241 1028 4314 vies3
1054 4241 1117 4302 ains
1141 4241 1347 4320 respondoiant
1368 4239 1455 4320 qu'ila

396 4329 559 4387 morrroient
571 4332 588 4387 ὲ
600 4329 696 4388 boum
711 4330 840 4407 querelle
853 4343 882 4388 et
896 4349 1010 4390 comme
1024 4343 1157 4408 martyrs.
1172 4355 1185 4382 υ
1198 4333 1361 4401 Mennim,
1376 4330 1396 4390 l.
1411 4333 1455 4414 ll,

396 4416 483 4494 cbap.
495 4437 546 4476 xx.

436 4507 467 4568 2
489 4504 630 4574 afflui,
645 4505 862 4579 stitutus.

439 4595 467 4651 ³.
489 4591 514 4652 ll
528 4591 615 4670 partit
627 4593 665 4654 de
678 4595 752 4656 Lille
765 4595 793 4652 le
807 4597 845 4652 tu
855 4594 921 4669 iulo
934 4598 1022 4656 1653.
