3892 5892
535 910 593 969 126
816 900 1072 965 ulstonteutm
1092 904 1228 966 cenom
1247 904 1298 959 VII

535 1046 588 1111 est
602 1030 722 1129 quod,
740 1043 931 1129 postquam
947 1027 1045 1128 apud
1062 1026 1269 1104 Atrebatum
1281 1024 1484 1125 Philippus,
1503 1031 1597 1102 Bur·-

535 1147 760 1247 gundionum
776 1142 861 1235 dur,
881 1168 969 1243 pace
986 1139 1071 1230 cnr'n
1087 1142 1230 1239 carolo,
1248 1146 1467 1217 Francorum
1484 1166 1592 1236 rege,

535 1260 840 1365 quemadmodum
870 1259 1074 1351 retulimus,
1104 1259 1215 1346 lacta,
1236 1256 1367 1333 loedere
1382 1257 1481 1354 quod
1504 1282 1593 1333 cum
1666 1306 1682 1326 .

537 1381 655 1481 buglis
668 1377 843 1455 habuerat
865 1374 1004 1465 soluto,
1023 1374 1190 1450 adversus
1216 1374 1314 1471 ipsos
1340 1373 1471 1469 Anglos
1488 1373 1595 1449 moli·

536 1511 593 1573 tus
608 1496 663 1569 sit.
684 1492 815 1569 Videus
827 1490 923 1567 enim
938 1490 1119 1589 ipsossibi
1135 1504 1325 1588 propterea
1339 1488 1496 1562 infensos
1510 1488 1595 1585 plu·

537 1610 668 1682 rimurn
680 1603 893 1695 reddidisse,
912 1604 1085 1700 terrisque
1098 1618 1133 1678 et
1149 1602 1299 1677 subditis
1311 1603 1383 1677 suis
1398 1626 1442 1675 ex
1454 1602 1594 1699 oppido

537 1723 662 1800 Calesii
677 1735 711 1793 et
728 1718 878 1797 castellis
894 1718 1072 1816 aliquibus
1085 1716 1345 1814 adjacentibus,
1360 1740 1439 1814 qnae
1454 1718 1491 1788 iu
1507 1742 1595 1793 oon·

538 1838 625 1915 linio
640 1850 812 1911 terrarum
825 1842 968 1911 suarum
982 1834 1154 1911 Flandriee
1169 1848 1205 1905 ct
1218 1832 1386 1908 Picardiae
1403 1831 1471 1906 sita
1486 1847 1590 1923 sunt,

537 1954 640 2053 plura
651 1964 869 2027 nocumenta
880 1948 1347 2048 iufer·reposse,cousilinm
1357 1948 1494 2046 accepit
1502 1948 1595 2023 velle

539 2068 646 2141 armis
661 2090 703 2147 ac
717 2065 850 2139 uiribus
863 2091 905 2142 ea
921 2065 1046 2141 tollere
1067 2089 1209 2162 suaeque
1225 2064 1338 2141 lacere
1357 2063 1522 2156 ditionis3
1543 2065 1593 2141 si-

539 2182 614 2257 mul
630 2182 734 2259 etiam
753 2181 849 2280 apud
871 2206 908 2258 se
929 2192 1097 2279 reputans
1120 2203 1202 2275 erga
1223 2178 1391 2261 carolum
1411 2201 1530 2274 regem
1558 2194 1594 2251 et

479 2312 485 2317 “
540 2302 693 2373 Francos
711 2297 858 2392 gratim
875 2308 981 2391 atque
1003 2296 1195 2372 amicitiam
1217 2318 1427 2392 comparare
1441 2293 1594 2392 amplio-

540 2438 636 2505 rem,
652 2414 681 2487 si
695 2412 920 2514 gravissimos
938 2436 1066 2486 eorum
1081 2410 1203 2487 bostes
1218 2434 1282 2487 sun
1305 2435 1349 2487 ex
1362 2424 1462 2509 purte
1477 2411 1595 2507 impu·

541 2554 648 2628 guare
664 2544 770 2627 atque
783 2552 910 2604 eorum
920 2529 1013 2627 uires
1024 2541 1207 2603 attenuare
1217 2524 1462 2605 contenderet.
1477 2529 1594 2613 Quam

541 2671 625 2723 cnm
640 2643 811 2746 Flamingi
822 2644 876 2719 sni
889 2641 994 2716 talem
1010 2643 1225 2740 accepissent
1237 2665 1321 2717 enm
1332 2664 1452 2738 gerere
1467 2641 1596 2716 volun·

543 2774 667 2847 tatem,
695 2774 750 2849 et,
776 2756 895 2854 quoad
919 2771 1105 2853 poterant,
1137 2756 1359 2853 complacere
1387 2756 1593 2851 gestientes,

542 2875 649 2944 totius
672 2869 842 2961 Flandriae
860 2868 952 2939 vires
975 2870 1021 2940 ad
1043 2868 1135 2939 illius
1157 2893 1228 2939 suae
1249 2870 1513 2941 exsecutionem
1530 2892 1593 2939 vo·

541 2987 685 3077 luntatis
712 2982 940 3075 obtulerunt,
967 2998 1067 3056 etse
1094 2983 1190 3060 solos
1220 2984 1307 3056 illud
1341 2984 1594 3083 adimpleturos

542 3102 847 3200 perfecturosque,
863 3098 1089 3197 absqueullis
1102 3125 1247 3173 suarum
1258 3101 1404 3173 aliarum
1422 3116 1594 3173 terrarum

542 3219 670 3317 copiis,
689 3218 942 3317 promiserunt.
959 3221 1124 3308 Quorum
1133 3232 1342 3319 promptum
1355 3219 1514 3291 animum
1526 3219 1596 3290 sin-

542 3358 732 3431 ceramque
750 3332 846 3405 idem
860 3334 1027 3432 princeps
1041 3336 1258 3433 perspiciens
1272 3332 1514 3424 voluntatem,
1536 3358 1596 3405 eo-

543 3476 622 3525 rum
639 3448 858 3527 oblationem
869 3448 951 3524 laeto
964 3476 1006 3526 ac
1018 3465 1118 3547 pato
1132 3450 1253 3525 animo
1269 3449 1416 3547 accepit.
1432 3450 1542 3547 Cujus
1556 3463 1597 3520 ut

545 3566 750 3643 exhiberent
761 3566 941 3656 allectum,
952 3566 999 3639 de
1010 3568 1155 3663 singulis
1166 3566 1286 3665 patriae
1296 3565 1439 3663 oppidis
1449 3580 1485 3639 et
1493 3566 1593 3655 lucis,

543 3706 621 3781 quae
637 3696 711 3751 tum
728 3681 1002 3779 populosissima
1021 3680 1358 3779 opulentissimaque
1377 3695 1500 3769 erant,
1519 3705 1596 3751 ma-

544 3820 630 3895 gnas
646 3796 766 3895 copias
782 3808 1057 3888 contraxerunt,
1074 3808 1110 3868 et
1131 3821 1207 3867 sese
1227 3794 1273 3872 ad
1289 3794 1488 3872 conductos
1501 3794 1596 3869 diem

543 3910 732 3998 stlocum,
752 3908 822 3983 sub
846 3910 877 4005 ej
882 3911 1006 3985 usdern
1020 3909 1077 3981 sui
1092 3911 1262 4009 principis
1277 3910 1426 4002 ducatu,
1446 3909 1593 4007 college·

544 4041 627 4099 runt
650 4050 732 4098 cum
753 4024 916 4097 curribus
942 4042 977 4099 et
1005 4028 1112 4099 variis
1133 4028 1361 4131 apparatibus
1385 4027 1490 4121 belli,
1518 4054 1598 4128 quae

545 4144 722 4215 numerari
738 4143 794 4213 vix
811 4142 1022 4243 potuissent.
1046 4143 1298 4217 AEstimabatur
1314 4161 1435 4222 autem
1455 4147 1598 4246 expedi·

545 4271 664 4333 torum
697 4280 868 4335 numerus
893 4282 1003 4357 supra
1032 4257 1269 4356 quadraginta
1297 4260 1408 4337 millia
1436 4263 1598 4335 virorum

544 4386 669 4469 preter
694 4374 933 4465 carrucarios,
964 4374 1117 4447 fossores
1143 4389 1179 4447 et
1207 4390 1422 4449 mercatores
1443 4378 1522 4477 qui,
1550 4376 1598 4449 ad

544 4512 726 4570 annonam
751 4508 786 4572 et
810 4507 952 4567 caeteras
977 4520 1033 4570 res
1056 4495 1269 4575 necessarias
1285 4498 1454 4573 exercitui
1471 4498 1598 4578 minis·

546 4600 735 4701 trandum,
754 4609 815 4683 illo
829 4610 876 4684 ad
893 4611 1088 4691 maximum
1103 4637 1292 4693 numerum
1308 4614 1552 4692 adventarant.
