<?xml version="1.0" encoding="UTF-8"?>
<!DOCTYPE html PUBLIC "-//W3C//DTD XHTML 1.0 Transitional//EN"
    "http://www.w3.org/TR/xhtml1/DTD/xhtml1-transitional.dtd">
<html xmlns="http://www.w3.org/1999/xhtml" xml:lang="en" lang="en">
 <head>
  <title>
</title>
<meta http-equiv="Content-Type" content="text/html;charset=utf-8" />
  <meta name='ocr-system' content='tesseract 3.04.00' />
  <meta name='ocr-capabilities' content='ocr_page ocr_carea ocr_par ocr_line ocrx_word'/>
</head>
<body>
  <div class='ocr_page' id='page_1' title='image "./histoiredesrgne01amelgoog_0325.png"; bbox 0 0 3892 5892; ppageno 0'>
   <div class='ocr_carea' id='block_1_1' title="bbox 745 915 1417 981">
    <p class='ocr_par' dir='ltr' id='par_1_1' title="bbox 745 915 1417 981">
     <span class='ocr_line' id='line_1_1' title="bbox 745 915 1417 981; baseline 0.003 -6"><span class='ocrx_word' id='word_1_1' title='bbox 745 915 855 975; x_wconf 77' lang='lat' dir='ltr'><strong>LIBER</strong></span> <span class='ocrx_word' id='word_1_2' title='bbox 875 916 1040 977; x_wconf 71' lang='lat' dir='ltr'><strong>Turinus.</strong></span> <span class='ocrx_word' id='word_1_3' title='bbox 1360 923 1417 981; x_wconf 77' lang='lat'><strong>127</strong></span> 
     </span>
    </p>
   </div>
   <div class='ocr_carea' id='block_1_2' title="bbox 362 1038 1418 1486">
    <p class='ocr_par' dir='ltr' id='par_1_2' title="bbox 362 1038 1418 1486">
     <span class='ocr_line' id='line_1_2' title="bbox 412 1038 1418 1139; baseline -0.009 -26"><span class='ocrx_word' id='word_1_4' title='bbox 412 1039 520 1113; x_wconf 81' lang='lat' dir='ltr'>Duxit</span> <span class='ocrx_word' id='word_1_5' title='bbox 539 1050 659 1113; x_wconf 80' lang='lat' dir='ltr'><strong>eutem</strong></span> <span class='ocrx_word' id='word_1_6' title='bbox 685 1038 779 1111; x_wconf 84' lang='lat' dir='ltr'><strong>hanc</strong></span> <span class='ocrx_word' id='word_1_7' title='bbox 808 1038 1074 1137; x_wconf 77' lang='lat' dir='ltr'><strong>expeditionem</strong></span> <span class='ocrx_word' id='word_1_8' title='bbox 1097 1040 1174 1139; x_wconf 86' lang='lat' dir='ltr'><strong>ipse</strong></span> <span class='ocrx_word' id='word_1_9' title='bbox 1193 1042 1418 1139; x_wconf 73' lang='lat' dir='ltr'><strong>Burgundio.</strong></span> 
     </span>
     <span class='ocr_line' id='line_1_3' title="bbox 364 1151 1416 1247; baseline 0 -18"><span class='ocrx_word' id='word_1_10' title='bbox 364 1178 452 1229; x_wconf 90' lang='lat' dir='ltr'><strong>uum</strong></span> <span class='ocrx_word' id='word_1_11' title='bbox 472 1152 546 1231; x_wconf 81' lang='lat' dir='ltr'><strong>dux</strong></span> <span class='ocrx_word' id='word_1_12' title='bbox 575 1152 761 1227; x_wconf 81' lang='lat' dir='ltr'><strong>adversum</strong></span> <span class='ocrx_word' id='word_1_13' title='bbox 794 1151 943 1247; x_wconf 80' lang='lat' dir='ltr'><strong>Anglos,</strong></span> <span class='ocrx_word' id='word_1_14' title='bbox 974 1176 1072 1227; x_wconf 89' lang='lat' dir='ltr'><strong>anno</strong></span> <span class='ocrx_word' id='word_1_15' title='bbox 1093 1151 1283 1230; x_wconf 79' lang='lat' dir='ltr'><strong>dominice</strong></span> <span class='ocrx_word' id='word_1_16' title='bbox 1300 1156 1416 1231; x_wconf 81' lang='lat' dir='ltr'><strong>irrect-</strong></span> 
     </span>
     <span class='ocr_line' id='line_1_4' title="bbox 363 1269 1418 1373; baseline -0.009 -28"><span class='ocrx_word' id='word_1_17' title='bbox 363 1272 515 1345; x_wconf 77' lang='lat' dir='ltr'><strong>nutionir</strong></span> <span class='ocrx_word' id='word_1_18' title='bbox 535 1284 922 1359; x_wconf 79' lang='lat' dir='ltr'><strong>uccccxxxv1.‚esure</strong></span> <span class='ocrx_word' id='word_1_19' title='bbox 943 1269 1105 1368; x_wconf 80' lang='lat' dir='ltr'><strong>proxime</strong></span> <span class='ocrx_word' id='word_1_20' title='bbox 1126 1287 1297 1369; x_wconf 83' lang='lat' dir='ltr'><strong>sequente</strong></span> <span class='ocrx_word' id='word_1_21' title='bbox 1317 1294 1418 1373; x_wconf 69' lang='lat' dir='ltr'><strong>post.</strong></span> 
     </span>
     <span class='ocr_line' id='line_1_5' title="bbox 362 1384 1416 1486; baseline 0.006 -25"><span class='ocrx_word' id='word_1_22' title='bbox 362 1411 472 1486; x_wconf 80' lang='lat' dir='ltr'><strong>quem</strong></span> <span class='ocrx_word' id='word_1_23' title='bbox 502 1387 716 1461; x_wconf 74' lang='lat' dir='ltr'>Parisiorum</span> <span class='ocrx_word' id='word_1_24' title='bbox 744 1386 868 1461; x_wconf 81' lang='lat' dir='ltr'><strong>civiter</strong></span> <span class='ocrx_word' id='word_1_25' title='bbox 904 1384 971 1461; x_wconf 89' lang='lat' dir='ltr'><strong>sub</strong></span> <span class='ocrx_word' id='word_1_26' title='bbox 995 1389 1215 1462; x_wconf 78' lang='lat' dir='ltr'>Francorum</span> <span class='ocrx_word' id='word_1_27' title='bbox 1242 1386 1416 1467; x_wconf 81' lang='lat' dir='ltr'>ditionem</span> 
     </span>
    </p>
   </div>
   <div class='ocr_carea' id='block_1_3' title="bbox 331 1501 1419 4515">
    <p class='ocr_par' dir='ltr' id='par_1_3' title="bbox 331 1501 1419 3878">
     <span class='ocr_line' id='line_1_6' title="bbox 362 1501 1419 1603; baseline 0.005 -26"><span class='ocrx_word' id='word_1_28' title='bbox 362 1502 509 1577; x_wconf 84' lang='lat' dir='ltr'><strong>reductu</strong></span> <span class='ocrx_word' id='word_1_29' title='bbox 525 1501 659 1594; x_wconf 79' lang='lat' dir='ltr'><strong>lueret,</strong></span> <span class='ocrx_word' id='word_1_30' title='bbox 678 1524 761 1575; x_wconf 90' lang='lat' dir='ltr'><strong>cum</strong></span> <span class='ocrx_word' id='word_1_31' title='bbox 781 1502 962 1600; x_wconf 78' lang='lat' dir='ltr'>superiore</span> <span class='ocrx_word' id='word_1_32' title='bbox 977 1514 1097 1577; x_wconf 75' lang='lat' dir='ltr'><strong>estate</strong></span> <span class='ocrx_word' id='word_1_33' title='bbox 1115 1501 1212 1577; x_wconf 88' lang='lat' dir='ltr'><strong>idem</strong></span> <span class='ocrx_word' id='word_1_34' title='bbox 1233 1502 1305 1579; x_wconf 85' lang='lat' dir='ltr'><strong>dux</strong></span> <span class='ocrx_word' id='word_1_35' title='bbox 1321 1507 1419 1603; x_wconf 83' lang='lat' dir='ltr'><strong>pacis</strong></span> 
     </span>
     <span class='ocr_line' id='line_1_7' title="bbox 362 1614 1419 1711; baseline -0.008 -20"><span class='ocrx_word' id='word_1_36' title='bbox 362 1615 495 1691; x_wconf 81' lang='lat' dir='ltr'><strong>loedere</strong></span> <span class='ocrx_word' id='word_1_37' title='bbox 515 1640 598 1691; x_wconf 88' lang='lat' dir='ltr'><strong>cnm</strong></span> <span class='ocrx_word' id='word_1_38' title='bbox 618 1616 747 1691; x_wconf 83' lang='lat' dir='ltr'><strong>Curclo</strong></span> <span class='ocrx_word' id='word_1_39' title='bbox 767 1640 866 1711; x_wconf 85' lang='lat' dir='ltr'><strong>rege,</strong></span> <span class='ocrx_word' id='word_1_40' title='bbox 885 1630 925 1691; x_wconf 87' lang='lat' dir='ltr'><strong>ut</strong></span> <span class='ocrx_word' id='word_1_41' title='bbox 939 1614 1117 1708; x_wconf 77' lang='lat' dir='ltr'>diximus,</span> <span class='ocrx_word' id='word_1_42' title='bbox 1137 1616 1291 1709; x_wconf 85' lang='lat' dir='ltr'><strong>lecisset,</strong></span> <span class='ocrx_word' id='word_1_43' title='bbox 1306 1617 1419 1699; x_wconf 81' lang='lat' dir='ltr'><strong>desei.</strong></span> 
     </span>
     <span class='ocr_line' id='line_1_8' title="bbox 361 1728 1418 1831; baseline 0.004 -26"><span class='ocrx_word' id='word_1_44' title='bbox 361 1734 539 1831; x_wconf 79' lang='lat' dir='ltr'><strong>vissetque</strong></span> <span class='ocrx_word' id='word_1_45' title='bbox 555 1729 601 1808; x_wconf 83' lang='lat' dir='ltr'><strong>nb</strong></span> <span class='ocrx_word' id='word_1_46' title='bbox 621 1732 754 1829; x_wconf 75' lang='lat' dir='ltr'><strong>dnglis.</strong></span> <span class='ocrx_word' id='word_1_47' title='bbox 775 1728 977 1805; x_wconf 80' lang='lat' dir='ltr'><strong>Procedens</strong></span> <span class='ocrx_word' id='word_1_48' title='bbox 989 1732 1096 1827; x_wconf 77' lang='lat' dir='ltr'><strong>igitur</strong></span> <span class='ocrx_word' id='word_1_49' title='bbox 1112 1758 1196 1808; x_wconf 87' lang='lat' dir='ltr'><strong>cum</strong></span> <span class='ocrx_word' id='word_1_50' title='bbox 1213 1732 1312 1811; x_wconf 88' lang='lat' dir='ltr'><strong>dicto</strong></span> <span class='ocrx_word' id='word_1_51' title='bbox 1329 1760 1418 1809; x_wconf 84' lang='lat' dir='ltr'><strong>sno-</strong></span> 
     </span>
     <span class='ocr_line' id='line_1_9' title="bbox 360 1844 1418 1947; baseline 0.003 -27"><span class='ocrx_word' id='word_1_52' title='bbox 360 1848 721 1923; x_wconf 82' lang='lat' dir='ltr'><strong>rumFlcndrensium</strong></span> <span class='ocrx_word' id='word_1_53' title='bbox 739 1844 1064 1935; x_wconf 65' lang='lat' dir='ltr'><strong>exercirmhabens</strong></span> <span class='ocrx_word' id='word_1_54' title='bbox 1078 1862 1205 1946; x_wconf 75' lang='lat' dir='ltr'><strong>preter</strong></span> <span class='ocrx_word' id='word_1_55' title='bbox 1217 1849 1418 1947; x_wconf 78' lang='lat' dir='ltr'><strong>Flamingos</strong></span> 
     </span>
     <span class='ocr_line' id='line_1_10' title="bbox 362 1960 1417 2039; baseline 0.002 -2"><span class='ocrx_word' id='word_1_56' title='bbox 362 1961 594 2037; x_wconf 82' lang='lat' dir='ltr'><strong>Picerdorunr</strong></span> <span class='ocrx_word' id='word_1_57' title='bbox 615 1962 769 2035; x_wconf 88' lang='lat' dir='ltr'><strong>militum</strong></span> <span class='ocrx_word' id='word_1_58' title='bbox 789 1976 825 2035; x_wconf 89' lang='lat' dir='ltr'><strong>et</strong></span> <span class='ocrx_word' id='word_1_59' title='bbox 844 1985 994 2039; x_wconf 85' lang='lat' dir='ltr'><strong>suorum</strong></span> <span class='ocrx_word' id='word_1_60' title='bbox 1009 1960 1289 2039; x_wconf 86' lang='lat' dir='ltr'><strong>domesticorum</strong></span> <span class='ocrx_word' id='word_1_61' title='bbox 1311 1965 1417 2039; x_wconf 92' lang='lat' dir='ltr'><strong>dum·</strong></span> 
     </span>
     <span class='ocr_line' id='line_1_11' title="bbox 362 2074 1417 2172; baseline 0 -21"><span class='ocrx_word' id='word_1_62' title='bbox 362 2076 561 2151; x_wconf 79' lang='lat' dir='ltr'><strong>uxatcirca</strong></span> <span class='ocrx_word' id='word_1_63' title='bbox 572 2075 646 2149; x_wconf 90' lang='lat' dir='ltr'><strong>duo</strong></span> <span class='ocrx_word' id='word_1_64' title='bbox 664 2090 725 2149; x_wconf 85' lang='lat' dir='ltr'><strong>aut</strong></span> <span class='ocrx_word' id='word_1_65' title='bbox 743 2076 810 2151; x_wconf 81' lang='lat' dir='ltr'><strong>trie</strong></span> <span class='ocrx_word' id='word_1_66' title='bbox 826 2075 932 2151; x_wconf 82' lang='lat' dir='ltr'><strong>millia</strong></span> <span class='ocrx_word' id='word_1_67' title='bbox 944 2131 955 2168; x_wconf 93' lang='lat'><strong>,</strong></span> <span class='ocrx_word' id='word_1_68' title='bbox 968 2074 1017 2148; x_wconf 88' lang='lat' dir='ltr'><strong>ad</strong></span> <span class='ocrx_word' id='word_1_69' title='bbox 1034 2078 1230 2172; x_wconf 80' lang='lat' dir='ltr'><strong>deglorum</strong></span> <span class='ocrx_word' id='word_1_70' title='bbox 1244 2080 1417 2155; x_wconf 88' lang='lat' dir='ltr'><strong>terminos</strong></span> 
     </span>
     <span class='ocr_line' id='line_1_12' title="bbox 361 2190 1415 2287; baseline 0.005 -22"><span class='ocrx_word' id='word_1_71' title='bbox 361 2190 529 2266; x_wconf 87' lang='lat' dir='ltr'><strong>eumdem</strong></span> <span class='ocrx_word' id='word_1_72' title='bbox 546 2190 706 2265; x_wconf 78' lang='lat' dir='ltr'><strong>admovit</strong></span> <span class='ocrx_word' id='word_1_73' title='bbox 727 2192 931 2265; x_wconf 86' lang='lat' dir='ltr'><strong>exercitum.</strong></span> <span class='ocrx_word' id='word_1_74' title='bbox 948 2190 1044 2266; x_wconf 79' lang='lat' dir='ltr'><strong>lnfra</strong></span> <span class='ocrx_word' id='word_1_75' title='bbox 1059 2216 1152 2287; x_wconf 87' lang='lat' dir='ltr'><strong>qnos</strong></span> <span class='ocrx_word' id='word_1_76' title='bbox 1171 2217 1254 2265; x_wconf 89' lang='lat' dir='ltr'><strong>cum</strong></span> <span class='ocrx_word' id='word_1_77' title='bbox 1271 2193 1346 2268; x_wconf 92' lang='lat' dir='ltr'><strong>duo</strong></span> <span class='ocrx_word' id='word_1_78' title='bbox 1359 2196 1415 2270; x_wconf 88' lang='lat' dir='ltr'><strong>vel</strong></span> 
     </span>
     <span class='ocr_line' id='line_1_13' title="bbox 361 2304 1413 2403; baseline 0.002 -22"><span class='ocrx_word' id='word_1_79' title='bbox 361 2307 429 2381; x_wconf 82' lang='lat' dir='ltr'><strong>uia</strong></span> <span class='ocrx_word' id='word_1_80' title='bbox 456 2329 565 2403; x_wconf 80' lang='lat' dir='ltr'><strong>perro</strong></span> <span class='ocrx_word' id='word_1_81' title='bbox 589 2306 753 2397; x_wconf 79' lang='lat' dir='ltr'><strong>castelle,</strong></span> <span class='ocrx_word' id='word_1_82' title='bbox 772 2331 852 2403; x_wconf 87' lang='lat' dir='ltr'><strong>quae</strong></span> <span class='ocrx_word' id='word_1_83' title='bbox 876 2306 959 2383; x_wconf 80' lang='lat' dir='ltr'><strong>setis</strong></span> <span class='ocrx_word' id='word_1_84' title='bbox 984 2304 1119 2381; x_wconf 80' lang='lat' dir='ltr'><strong>exiliter</strong></span> <span class='ocrx_word' id='word_1_85' title='bbox 1134 2308 1271 2382; x_wconf 81' lang='lat' dir='ltr'><strong>munite</strong></span> <span class='ocrx_word' id='word_1_86' title='bbox 1292 2326 1413 2403; x_wconf 81' lang='lat' dir='ltr'><strong>erunt,</strong></span> 
     </span>
     <span class='ocr_line' id='line_1_14' title="bbox 360 2418 1416 2520; baseline 0.006 -29"><span class='ocrx_word' id='word_1_87' title='bbox 360 2436 636 2517; x_wconf 65' lang='lat' dir='ltr'><strong>expugnassent,</strong></span> <span class='ocrx_word' id='word_1_88' title='bbox 650 2418 803 2495; x_wconf 88' lang='lat' dir='ltr'><strong>subinde</strong></span> <span class='ocrx_word' id='word_1_89' title='bbox 812 2422 914 2517; x_wconf 76' lang='lat' dir='ltr'><strong>juxte</strong></span> <span class='ocrx_word' id='word_1_90' title='bbox 925 2418 1102 2520; x_wconf 88' lang='lat' dir='ltr'><strong>oppidum</strong></span> <span class='ocrx_word' id='word_1_91' title='bbox 1115 2419 1259 2511; x_wconf 80' lang='lat' dir='ltr'><strong>Celesii,</strong></span> <span class='ocrx_word' id='word_1_92' title='bbox 1275 2422 1416 2497; x_wconf 80' lang='lat' dir='ltr'><strong>circiter</strong></span> 
     </span>
     <span class='ocr_line' id='line_1_15' title="bbox 361 2534 1415 2630; baseline 0.005 -21"><span class='ocrx_word' id='word_1_93' title='bbox 361 2535 406 2609; x_wconf 79' lang='lat' dir='ltr'><strong>ed</strong></span> <span class='ocrx_word' id='word_1_94' title='bbox 425 2536 585 2609; x_wconf 90' lang='lat' dir='ltr'><strong>medium</strong></span> <span class='ocrx_word' id='word_1_95' title='bbox 601 2534 770 2626; x_wconf 78' lang='lat' dir='ltr'>milliare,</span> <span class='ocrx_word' id='word_1_96' title='bbox 790 2537 961 2630; x_wconf 82' lang='lat' dir='ltr'><strong>Flemingi</strong></span> <span class='ocrx_word' id='word_1_97' title='bbox 973 2550 1087 2609; x_wconf 77' lang='lat' dir='ltr'><strong>cestra</strong></span> <span class='ocrx_word' id='word_1_98' title='bbox 1103 2536 1225 2607; x_wconf 83' lang='lat' dir='ltr'><strong>metati</strong></span> <span class='ocrx_word' id='word_1_99' title='bbox 1248 2550 1344 2613; x_wconf 81' lang='lat' dir='ltr'><strong>sunt.</strong></span> <span class='ocrx_word' id='word_1_100' title='bbox 1363 2542 1415 2614; x_wconf 81' lang='lat' dir='ltr'><strong>Ex</strong></span> 
     </span>
     <span class='ocr_line' id='line_1_16' title="bbox 360 2648 1415 2749; baseline 0.002 -24"><span class='ocrx_word' id='word_1_101' title='bbox 360 2676 433 2749; x_wconf 91' lang='lat' dir='ltr'><strong>qno</strong></span> <span class='ocrx_word' id='word_1_102' title='bbox 447 2650 528 2723; x_wconf 91' lang='lat' dir='ltr'><strong>loco</strong></span> <span class='ocrx_word' id='word_1_103' title='bbox 541 2676 623 2727; x_wconf 87' lang='lat' dir='ltr'><strong>cum</strong></span> <span class='ocrx_word' id='word_1_104' title='bbox 636 2650 706 2725; x_wconf 86' lang='lat' dir='ltr'><strong>illic</strong></span> <span class='ocrx_word' id='word_1_105' title='bbox 718 2676 782 2749; x_wconf 87' lang='lat' dir='ltr'><strong>per</strong></span> <span class='ocrx_word' id='word_1_106' title='bbox 794 2652 914 2749; x_wconf 87' lang='lat' dir='ltr'><strong>plures</strong></span> <span class='ocrx_word' id='word_1_107' title='bbox 927 2648 1004 2724; x_wconf 87' lang='lat' dir='ltr'><strong>dies</strong></span> <span class='ocrx_word' id='word_1_108' title='bbox 1015 2650 1181 2725; x_wconf 77' lang='lat' dir='ltr'><strong>remorati</strong></span> <span class='ocrx_word' id='word_1_109' title='bbox 1197 2664 1331 2743; x_wconf 80' lang='lat' dir='ltr'><strong>essem,</strong></span> <span class='ocrx_word' id='word_1_110' title='bbox 1347 2676 1415 2727; x_wconf 88' lang='lat' dir='ltr'><strong>uec</strong></span> 
     </span>
     <span class='ocr_line' id='line_1_17' title="bbox 361 2764 1411 2863; baseline -0.002 -22"><span class='ocrx_word' id='word_1_111' title='bbox 361 2766 554 2862; x_wconf 74' lang='lat' dir='ltr'><strong>Anglcrum</strong></span> <span class='ocrx_word' id='word_1_112' title='bbox 581 2766 772 2841; x_wconf 88' lang='lat' dir='ltr'><strong>munitioni</strong></span> <span class='ocrx_word' id='word_1_113' title='bbox 798 2779 1060 2843; x_wconf 78' lang='lat' dir='ltr'><strong>nocumentum</strong></span> <span class='ocrx_word' id='word_1_114' title='bbox 1089 2764 1219 2838; x_wconf 76' lang='lat' dir='ltr'><strong>inferre</strong></span> <span class='ocrx_word' id='word_1_115' title='bbox 1245 2782 1411 2863; x_wconf 79' lang='lat' dir='ltr'><strong>possent,</strong></span> 
     </span>
     <span class='ocr_line' id='line_1_18' title="bbox 359 2882 1414 2983; baseline 0 -26"><span class='ocrx_word' id='word_1_116' title='bbox 359 2899 497 2983; x_wconf 80' lang='lat' dir='ltr'><strong>purtem</strong></span> <span class='ocrx_word' id='word_1_117' title='bbox 516 2885 570 2959; x_wconf 89' lang='lat' dir='ltr'><strong>sui</strong></span> <span class='ocrx_word' id='word_1_118' title='bbox 586 2884 759 2959; x_wconf 84' lang='lat' dir='ltr'><strong>exercitus</strong></span> <span class='ocrx_word' id='word_1_119' title='bbox 786 2885 934 2983; x_wconf 81' lang='lat' dir='ltr'><strong>propius</strong></span> <span class='ocrx_word' id='word_1_120' title='bbox 955 2882 1212 2973; x_wconf 78' lang='lat' dir='ltr'><strong>admoverunt,</strong></span> <span class='ocrx_word' id='word_1_121' title='bbox 1235 2897 1271 2955; x_wconf 87' lang='lat' dir='ltr'><strong>et</strong></span> <span class='ocrx_word' id='word_1_122' title='bbox 1288 2906 1414 2981; x_wconf 73' lang='lat' dir='ltr'><strong>aggere</strong></span> 
     </span>
     <span class='ocr_line' id='line_1_19' title="bbox 359 2997 1413 3098; baseline -0.002 -23"><span class='ocrx_word' id='word_1_123' title='bbox 359 3001 493 3075; x_wconf 74' lang='lat' dir='ltr'><strong>castelli</strong></span> <span class='ocrx_word' id='word_1_124' title='bbox 508 3002 619 3075; x_wconf 81' lang='lat' dir='ltr'><strong>instar</strong></span> <span class='ocrx_word' id='word_1_125' title='bbox 638 3001 732 3074; x_wconf 80' lang='lat' dir='ltr'><strong>sacto</strong></span> <span class='ocrx_word' id='word_1_126' title='bbox 750 3002 961 3097; x_wconf 85' lang='lat' dir='ltr'><strong>munitoque</strong></span> <span class='ocrx_word' id='word_1_127' title='bbox 978 2997 1212 3090; x_wconf 85' lang='lat' dir='ltr'><strong>sufficienter,</strong></span> <span class='ocrx_word' id='word_1_128' title='bbox 1233 2998 1328 3073; x_wconf 90' lang='lat' dir='ltr'><strong>unde</strong></span> <span class='ocrx_word' id='word_1_129' title='bbox 1349 3024 1413 3098; x_wconf 86' lang='lat' dir='ltr'><strong>pe-</strong></span> 
     </span>
     <span class='ocr_line' id='line_1_20' title="bbox 360 3111 1414 3214; baseline 0 -25"><span class='ocrx_word' id='word_1_130' title='bbox 360 3116 474 3190; x_wconf 79' lang='lat' dir='ltr'><strong>trariis</strong></span> <span class='ocrx_word' id='word_1_131' title='bbox 497 3129 532 3190; x_wconf 93' lang='lat' dir='ltr'><strong>et</strong></span> <span class='ocrx_word' id='word_1_132' title='bbox 555 3117 739 3191; x_wconf 86' lang='lat' dir='ltr'><strong>tormentis</strong></span> <span class='ocrx_word' id='word_1_133' title='bbox 763 3114 888 3214; x_wconf 91' lang='lat' dir='ltr'><strong>oppidi</strong></span> <span class='ocrx_word' id='word_1_134' title='bbox 904 3116 1037 3189; x_wconf 81' lang='lat' dir='ltr'><strong>moenie</strong></span> <span class='ocrx_word' id='word_1_135' title='bbox 1058 3128 1244 3213; x_wconf 83' lang='lat' dir='ltr'><strong>turresque</strong></span> <span class='ocrx_word' id='word_1_136' title='bbox 1261 3111 1414 3210; x_wconf 81' lang='lat' dir='ltr'><strong>dejicere</strong></span> 
     </span>
     <span class='ocr_line' id='line_1_21' title="bbox 360 3225 1413 3328; baseline 0.004 -27"><span class='ocrx_word' id='word_1_137' title='bbox 360 3244 521 3327; x_wconf 76' lang='lat' dir='ltr'><strong>possent,</strong></span> <span class='ocrx_word' id='word_1_138' title='bbox 539 3231 700 3328; x_wconf 69' lang='lat' dir='ltr'><strong>presidia</strong></span> <span class='ocrx_word' id='word_1_139' title='bbox 716 3230 960 3305; x_wconf 78' lang='lat' dir='ltr'><strong>Gendensium</strong></span> <span class='ocrx_word' id='word_1_140' title='bbox 984 3250 1068 3301; x_wconf 88' lang='lat' dir='ltr'><strong>cum</strong></span> <span class='ocrx_word' id='word_1_141' title='bbox 1093 3226 1215 3302; x_wconf 86' lang='lat' dir='ltr'><strong>multis</strong></span> <span class='ocrx_word' id='word_1_142' title='bbox 1229 3225 1315 3301; x_wconf 92' lang='lat' dir='ltr'><strong>belli</strong></span> <span class='ocrx_word' id='word_1_143' title='bbox 1331 3253 1413 3305; x_wconf 80' lang='lat' dir='ltr'><strong>rna·</strong></span> 
     </span>
     <span class='ocr_line' id='line_1_22' title="bbox 358 3342 1412 3442; baseline 0.003 -27"><span class='ocrx_word' id='word_1_144' title='bbox 358 3342 474 3417; x_wconf 88' lang='lat' dir='ltr'><strong>cbinis</strong></span> <span class='ocrx_word' id='word_1_145' title='bbox 491 3357 598 3442; x_wconf 83' lang='lat' dir='ltr'><strong>utque</strong></span> <span class='ocrx_word' id='word_1_146' title='bbox 616 3344 856 3419; x_wconf 85' lang='lat' dir='ltr'><strong>instrumentis</strong></span> <span class='ocrx_word' id='word_1_147' title='bbox 873 3342 944 3415; x_wconf 90' lang='lat' dir='ltr'><strong>illic</strong></span> <span class='ocrx_word' id='word_1_148' title='bbox 961 3342 1180 3418; x_wconf 75' lang='lat' dir='ltr'><strong>locaverunt.</strong></span> <span class='ocrx_word' id='word_1_149' title='bbox 1200 3346 1304 3413; x_wconf 86' lang='lat' dir='ltr'><strong>Hunc</strong></span> <span class='ocrx_word' id='word_1_150' title='bbox 1316 3344 1412 3417; x_wconf 87' lang='lat' dir='ltr'><strong>euim</strong></span> 
     </span>
     <span class='ocr_line' id='line_1_23' title="bbox 359 3453 1413 3557; baseline -0.002 -28"><span class='ocrx_word' id='word_1_151' title='bbox 359 3473 559 3557; x_wconf 74' lang='lat' dir='ltr'><strong>praerogant</strong></span> <span class='ocrx_word' id='word_1_152' title='bbox 573 3458 642 3531; x_wconf 90' lang='lat' dir='ltr'><strong>sibi</strong></span> <span class='ocrx_word' id='word_1_153' title='bbox 658 3458 781 3533; x_wconf 86' lang='lat' dir='ltr'><strong>deberi</strong></span> <span class='ocrx_word' id='word_1_154' title='bbox 804 3482 876 3557; x_wconf 79' lang='lat' dir='ltr'><strong>prae</strong></span> <span class='ocrx_word' id='word_1_155' title='bbox 901 3457 1035 3531; x_wconf 82' lang='lat' dir='ltr'><strong>ceteris</strong></span> <span class='ocrx_word' id='word_1_156' title='bbox 1050 3453 1326 3530; x_wconf 70' lang='lat' dir='ltr'><strong>flandrensibus</strong></span> <span class='ocrx_word' id='word_1_157' title='bbox 1341 3480 1413 3553; x_wconf 87' lang='lat' dir='ltr'><strong>po-</strong></span> 
     </span>
     <span class='ocr_line' id='line_1_24' title="bbox 358 3568 1412 3671; baseline -0.001 -26"><span class='ocrx_word' id='word_1_158' title='bbox 358 3572 451 3671; x_wconf 90' lang='lat' dir='ltr'><strong>pulis</strong></span> <span class='ocrx_word' id='word_1_159' title='bbox 465 3573 571 3645; x_wconf 90' lang='lat' dir='ltr'><strong>iidem</strong></span> <span class='ocrx_word' id='word_1_160' title='bbox 589 3572 795 3645; x_wconf 83' lang='lat' dir='ltr'><strong>Gandenses</strong></span> <span class='ocrx_word' id='word_1_161' title='bbox 809 3572 1007 3663; x_wconf 89' lang='lat' dir='ltr'><strong>honorem,</strong></span> <span class='ocrx_word' id='word_1_162' title='bbox 1021 3572 1110 3643; x_wconf 88' lang='lat' dir='ltr'><strong>utin</strong></span> <span class='ocrx_word' id='word_1_163' title='bbox 1125 3570 1245 3641; x_wconf 82' lang='lat' dir='ltr'><strong>hostes</strong></span> <span class='ocrx_word' id='word_1_164' title='bbox 1258 3568 1412 3643; x_wconf 80' lang='lat' dir='ltr'><strong>debeant</strong></span> 
     </span>
     <span class='ocr_line' id='line_1_25' title="bbox 331 3686 1411 3789; baseline -0.004 -26"><span class='ocrx_word' id='word_1_165' title='bbox 331 3739 334 3748; x_wconf 46' lang='grc' dir='ltr'><em>ι</em></span> <span class='ocrx_word' id='word_1_166' title='bbox 358 3689 558 3789; x_wconf 73' lang='lat' dir='ltr'><strong>precedere</strong></span> <span class='ocrx_word' id='word_1_167' title='bbox 577 3688 772 3788; x_wconf 88' lang='lat' dir='ltr'><strong>primores,</strong></span> <span class='ocrx_word' id='word_1_168' title='bbox 785 3700 953 3789; x_wconf 75' lang='lat' dir='ltr'><strong>tunquam</strong></span> <span class='ocrx_word' id='word_1_169' title='bbox 972 3688 1082 3760; x_wconf 88' lang='lat' dir='ltr'><strong>totius</strong></span> <span class='ocrx_word' id='word_1_170' title='bbox 1102 3686 1294 3786; x_wconf 88' lang='lat' dir='ltr'><strong>primicerii</strong></span> <span class='ocrx_word' id='word_1_171' title='bbox 1312 3710 1411 3759; x_wconf 82' lang='lat' dir='ltr'><strong>exer·</strong></span> 
     </span>
     <span class='ocr_line' id='line_1_26' title="bbox 357 3805 458 3878; baseline 0.02 -3"><span class='ocrx_word' id='word_1_172' title='bbox 357 3805 458 3878; x_wconf 88' lang='lat' dir='ltr'><strong>citus.</strong></span> 
     </span>
    </p>

    <p class='ocr_par' dir='ltr' id='par_1_4' title="bbox 357 3916 1412 4365">
     <span class='ocr_line' id='line_1_27' title="bbox 405 3916 1409 4015; baseline -0.005 -21"><span class='ocrx_word' id='word_1_173' title='bbox 405 3926 496 3995; x_wconf 90' lang='lat' dir='ltr'><strong>Cum</strong></span> <span class='ocrx_word' id='word_1_174' title='bbox 525 3935 644 3999; x_wconf 82' lang='lat' dir='ltr'><strong>autem</strong></span> <span class='ocrx_word' id='word_1_175' title='bbox 672 3921 763 3995; x_wconf 82' lang='lat' dir='ltr'><strong>intro</strong></span> <span class='ocrx_word' id='word_1_176' title='bbox 790 3916 997 4015; x_wconf 84' lang='lat' dir='ltr'><strong>hujusmodi</strong></span> <span class='ocrx_word' id='word_1_177' title='bbox 1021 3917 1200 3994; x_wconf 87' lang='lat' dir='ltr'><strong>munitum</strong></span> <span class='ocrx_word' id='word_1_178' title='bbox 1223 3940 1409 4013; x_wconf 81' lang='lat' dir='ltr'><strong>aggerem,</strong></span> 
     </span>
     <span class='ocr_line' id='line_1_28' title="bbox 357 4029 1412 4133; baseline -0.001 -27"><span class='ocrx_word' id='word_1_179' title='bbox 357 4060 465 4132; x_wconf 87' lang='lat' dir='ltr'><strong>quem</strong></span> <span class='ocrx_word' id='word_1_180' title='bbox 489 4038 613 4108; x_wconf 82' lang='lat' dir='ltr'><strong>Franci</strong></span> <span class='ocrx_word' id='word_1_181' title='bbox 639 4034 747 4133; x_wconf 81' lang='lat' dir='ltr'><strong>vulgo</strong></span> <span class='ocrx_word' id='word_1_182' title='bbox 769 4032 970 4105; x_wconf 78' lang='lat' dir='ltr'><strong>bollewerck</strong></span> <span class='ocrx_word' id='word_1_183' title='bbox 990 4056 1054 4104; x_wconf 88' lang='lat' dir='ltr'><strong>seu</strong></span> <span class='ocrx_word' id='word_1_184' title='bbox 1075 4029 1272 4105; x_wconf 83' lang='lat' dir='ltr'><strong>hastiliam¹</strong></span> <span class='ocrx_word' id='word_1_185' title='bbox 1289 4032 1412 4131; x_wconf 85' lang='lat' dir='ltr'><strong>appel·</strong></span> 
     </span>
     <span class='ocr_line' id='line_1_29' title="bbox 357 4145 1410 4249; baseline -0.002 -27"><span class='ocrx_word' id='word_1_186' title='bbox 357 4151 450 4243; x_wconf 77' lang='lat' dir='ltr'><strong>lunt,</strong></span> <span class='ocrx_word' id='word_1_187' title='bbox 473 4151 559 4224; x_wconf 90' lang='lat' dir='ltr'><strong>dicti</strong></span> <span class='ocrx_word' id='word_1_188' title='bbox 573 4150 781 4225; x_wconf 83' lang='lat' dir='ltr'><strong>Gandenses</strong></span> <span class='ocrx_word' id='word_1_189' title='bbox 803 4172 868 4249; x_wconf 83' lang='lat' dir='ltr'><strong>per</strong></span> <span class='ocrx_word' id='word_1_190' title='bbox 885 4146 1090 4245; x_wconf 85' lang='lat' dir='ltr'><strong>quindecim</strong></span> <span class='ocrx_word' id='word_1_191' title='bbox 1111 4170 1227 4246; x_wconf 91' lang='lat' dir='ltr'><strong>prope</strong></span> <span class='ocrx_word' id='word_1_192' title='bbox 1247 4145 1323 4219; x_wconf 86' lang='lat' dir='ltr'><strong>dies</strong></span> <span class='ocrx_word' id='word_1_193' title='bbox 1340 4162 1410 4220; x_wconf 87' lang='lat' dir='ltr'><strong>ste-</strong></span> 
     </span>
     <span class='ocr_line' id='line_1_30' title="bbox 357 4261 1410 4365; baseline 0.002 -30"><span class='ocrx_word' id='word_1_194' title='bbox 357 4264 482 4337; x_wconf 84' lang='lat' dir='ltr'><strong>tissent</strong></span> <span class='ocrx_word' id='word_1_195' title='bbox 494 4280 530 4338; x_wconf 90' lang='lat' dir='ltr'><strong>et</strong></span> <span class='ocrx_word' id='word_1_196' title='bbox 545 4265 746 4365; x_wconf 73' lang='lat' dir='ltr'><strong>oppidanos</strong></span> <span class='ocrx_word' id='word_1_197' title='bbox 767 4264 851 4338; x_wconf 91' lang='lat' dir='ltr'><strong>inde</strong></span> <span class='ocrx_word' id='word_1_198' title='bbox 872 4262 1083 4335; x_wconf 72' lang='lat' dir='ltr'><strong>bombardis</strong></span> <span class='ocrx_word' id='word_1_199' title='bbox 1098 4274 1135 4333; x_wconf 91' lang='lat' dir='ltr'><strong>et</strong></span> <span class='ocrx_word' id='word_1_200' title='bbox 1149 4262 1255 4336; x_wconf 72' lang='lat' dir='ltr'><strong>variis</strong></span> <span class='ocrx_word' id='word_1_201' title='bbox 1273 4261 1410 4337; x_wconf 82' lang='lat' dir='ltr'><strong>mechi-</strong></span> 
     </span>
    </p>

    <p class='ocr_par' dir='ltr' id='par_1_5' title="bbox 397 4446 1410 4515">
     <span class='ocr_line' id='line_1_31' title="bbox 397 4446 1410 4515; baseline -0.004 -2"><span class='ocrx_word' id='word_1_202' title='bbox 397 4456 426 4513; x_wconf 91' lang='lat' dir='ltr'><strong>l.</strong></span> <span class='ocrx_word' id='word_1_203' title='bbox 442 4456 580 4515; x_wconf 81' lang='lat' dir='ltr'><strong>L’rnteur</strong></span> <span class='ocrx_word' id='word_1_204' title='bbox 592 4451 717 4513; x_wconf 76' lang='lat' dir='ltr'><strong>confond</strong></span> <span class='ocrx_word' id='word_1_205' title='bbox 726 4450 803 4515; x_wconf 84' lang='lat' dir='ltr'><strong>deux</strong></span> <span class='ocrx_word' id='word_1_206' title='bbox 813 4450 915 4511; x_wconf 81' lang='lat' dir='ltr'><strong>choses</strong></span> <span class='ocrx_word' id='word_1_207' title='bbox 924 4447 1154 4513; x_wconf 71' lang='lat' dir='ltr'><strong>tres-distinctes</strong></span> <span class='ocrx_word' id='word_1_208' title='bbox 1172 4446 1410 4509; x_wconf 73' lang='lat' dir='ltr'><strong>hbrsulleiuit</strong></span> 
     </span>
    </p>
   </div>
   <div class='ocr_carea' id='block_1_4' title="bbox 357 4536 1409 4691">
    <p class='ocr_par' dir='ltr' id='par_1_6' title="bbox 357 4536 1409 4691">
     <span class='ocr_line' id='line_1_32' title="bbox 357 4536 1409 4691; baseline -0.007 -88"><span class='ocrx_word' id='word_1_209' title='bbox 357 4560 397 4690; x_wconf 75' lang='lat' dir='ltr'><strong>pn</strong></span> <span class='ocrx_word' id='word_1_210' title='bbox 411 4540 540 4691; x_wconf 71' lang='lat' dir='ltr'><strong>ppertier</strong></span> <span class='ocrx_word' id='word_1_211' title='bbox 553 4540 714 4615; x_wconf 68' lang='lat' dir='ltr'><strong>melre,</strong></span> <span class='ocrx_word' id='word_1_212' title='bbox 724 4538 884 4617; x_wconf 80' lang='lat' dir='ltr'><strong>undisque</strong></span> <span class='ocrx_word' id='word_1_213' title='bbox 901 4536 929 4599; x_wconf 89' lang='lat' dir='ltr'><strong>le</strong></span> <span class='ocrx_word' id='word_1_214' title='bbox 939 4536 1101 4597; x_wconf 79' lang='lat' dir='ltr'><strong>bouleverd</strong></span> <span class='ocrx_word' id='word_1_215' title='bbox 1113 4536 1213 4597; x_wconf 75' lang='lat' dir='ltr'><strong>n’eteit</strong></span> <span class='ocrx_word' id='word_1_216' title='bbox 1225 4542 1316 4617; x_wconf 82' lang='lat' dir='ltr'><strong>qo&#39;un</strong></span> <span class='ocrx_word' id='word_1_217' title='bbox 1328 4550 1409 4617; x_wconf 76' lang='lat' dir='ltr'><strong>poste</strong></span> 
     </span>
     <span class='ocr_line' id='line_1_33' title="bbox 368 4632 472 4691; baseline 0 0"><span class='ocrx_word' id='word_1_218' title='bbox 368 4642 424 4691; x_wconf 89' lang='lat' dir='ltr'><strong>ortr</strong></span> <span class='ocrx_word' id='word_1_219' title='bbox 445 4632 472 4691; x_wconf 80' lang='grc' dir='ltr'><strong>ό.</strong></span> 
     </span>
    </p>
   </div>
   <div class='ocr_carea' id='block_1_5' title="bbox 0 0 1950 5892">
    <p class='ocr_par' dir='ltr' id='par_1_7' title="bbox 0 0 1950 5892">
     <span class='ocr_line' id='line_1_34' title="bbox 0 0 1950 5892; baseline 0 3"><span class='ocrx_word' id='word_1_220' title='bbox 0 0 1950 5892; x_wconf 95' lang='lat' dir='ltr'><strong> </strong></span> 
     </span>
    </p>
   </div>
  </div>
 </body>
</html>
