3892 5892
540 888 601 949 ue
728 863 732 874 '
832 882 1090 948 msrommuu
1109 888 1247 949 emon
1265 890 1318 949 m

540 1012 725 1086 nonnullis
747 1012 947 1105 videretur,
976 1035 1196 1113 magnopere
1224 1013 1411 1105 dissuasit,
1431 1008 1506 1089 'nec
1533 1042 1610 1115 pro

540 1144 704 1229 tempore
715 1128 760 1225 ¹id
775 1144 1024 1228 opportunum
1040 1128 1118 1201 fo're
1138 1128 1305 1203 ostendit.
1325 1134 1433 1223 Nam,
1447 1132 1482 1229 'si
1493 1131 1532 1203 id
1548 1130 1608 1205 fa·

539 1262 678 1338 nerent,
701 1272 786 1320 cum
802 1249 840 1319 in
858 1245 927 1319 illis
946 1244 1034 1317 locis
1049 1268 1148 1318 arces
1164 1248 1410 1321 munitissimae
1422 1262 1531 1347 atque
1544 1248 1609 1321 fir-

540 1364 706 1436 missimae
715 1364 896 1452 exsistant,
908 1386 989 1459 quae
1004 1374 1083 1433 tum
1096 1362 1199 1435 erant
1210 1362 1407 1461 anglorum
1419 1362 1608 1437 dumtaxat

540 1480 725 1577 eustoditae
740 1476 926 1577 praesidiis,
945 1490 1133 1575 essentque
1149 1477 1188 1549 in
1204 1477 1365 1550 interiori
1381 1481 1606 1554 Normannia

540 1599 695 1695 majores
712 1593 908 1690 Anglorum
933 1593 1047 1691 copiae
1072 1591 1276 1682 collocatae,
1302 1594 1553 1685 verisimiliter,
1573 1600 1604 1669 si

528 1713 602 1785 ‘illo
613 1694 821 1804 tenderent,
835 1709 973 1782 etiamsi
985 1708 1161 1807 indigene
1174 1718 1275 1781 tene
1286 1732 1348 1783 eos
1358 1710 1453 1782 intra
1468 1710 1604 1810 oppida

540 1828 658 1925 aliqua
676 1827 895 1925 reciperent,
910 1840 1036 1898 tamen
1048 1848 1147 1897 arces
1159 1822 1250 1916 illas,
1266 1825 1336 1897 niel
1352 1824 1557 1924 perlongus
1567 1841 1604 1899 et

540 1943 703 2015 difficiles
714 1942 948 2034 obsidiones,
969 1942 1119 2013 minime
1134 1940 1339 2014 obtinerent
1345 1968 1356 2033 ;
1382 1940 1430 2015 ad
1446 1966 1536 2041 quas
1550 1956 1604 2015 te·

541 2043 691 2149 nendas,
703 2083 788 2130 cum
796 2057 988 2131 hostilibus
998 2056 1162 2154 undique
1173 2056 1319 2157 oppidis
1332 2058 1506 2145 etjoastris
1516 2079 1604 2133 oon·

540 2173 629 2247 clusi
639 2188 772 2266 essent,
787 2197 933 2249 necesse
942 2188 1106 2247 esseteos
1117 2172 1237 2246 statim
1249 2184 1403 2247 annonae
1410 2195 1605 2274 rerumque

540 2292 820 2364 necessariarum
834 2291 1022 2390 penurim
1033 2290 1127 2390 pati,
1146 2290 1245 2363 etita
1260 2289 1380 2363 inedia
1395 2290 1605 2391 compulsos

541 2405 705 2479 hostibus
732 2405 882 2500 cedere,
914 2419 951 2479 et
978 2403 1168 2477 conatibus
1191 2405 1264 2479 suis
1292 2404 1480 2478 frustratos
1505 2420 1605 2479 retro

465 2594 473 2607 „
540 2520 662 2615 abire,
681 2523 825 2623 oppidis
841 2546 922 2620 quae
937 2546 1013 2594 sese
1028 2520 1208 2595 dedissent
1227 2521 1264 2593 in
1280 2520 1518 2620 perditionem
1540 2522 1605 2595 de·

541 2636 683 2711 relictis.
702 2638 916 2711 consultum
932 2638 1040 2733 igitur
1056 2636 1134 2709 lore
1148 2636 1245 2709 idem
1256 2635 1417 2737 pontifex
1432 2636 1603 2729 ostendit,

541 2777 624 2823 cum
641 2766 788 2848 astorgo,
812 2774 937 2823 versus
951 2749 1123 2823 Ebroicas
1140 2764 1176 2821 et
1193 2751 1359 2840 Parisios,
1376 2750 1507 2823 multas
1518 2752 1606 2823 civi-

542 2879 630 2939 tates
645 2881 753 2964 atque
771 2864 906 2964 oppida
917 2878 954 2937 et
968 2865 1113 2939 castella
1123 2864 1362 2956 dimisissent,
1380 2888 1460 2965 quae
1473 2865 1520 2938 ab
1532 2871 1606 2939 An-

541 2982 640 3079 glicis
670 2981 790 3064 adhuc
812 2980 1038 3075 tenebantur,
1062 2995 1098 3053 et
1119 2982 1303 3081 potlssime
1321 2982 1449 3054 urbem
1469 2982 1605 3055 ltotbo-

541 3124 769 3195 magensem,
803 3097 1044 3191 Medontarn¹,
1073 3100 1269 3171 Gisortinm
1278 3104 1302 3192 ¹,
1333 3104 1538 3172 Vemonem
1567 3114 1604 3171 et

541 3218 771 3313 Gomayum,
793 3202 1188 3290 Novum-Castroni'et
1205 3213 1500 3303 Caletibeoeum‘,
1527 3240 1605 3291 oas-

541 3348 638 3407 trum
648 3333 694 3406 de
706 3335 884 3434 Aroquis⁸‚
902 3334 1125 3407 Harellutum
1137 3389 1148 3425 ,
1161 3356 1246 3405 cum
1263 3331 1339 3407 aliis
1350 3332 1513 3433 pluribus
1528 3359 1605 3407 oas-

542 3447 654 3538 tellis,
675 3450 722 3522 ad
738 3474 798 3523 eas
815 3474 882 3548 per
901 3448 1068 3523 ordinem
1085 3447 1336 3547 acquirendas,
1355 3447 1564 3522 inchoando
1579 3472 1604 3523 a

541 3564 729 3658 Medrmta,
752 3567 1012 3667 procederent3
1038 3579 1074 3638 et
1094 3590 1138 3637 ex
1155 3564 1325 3638 Medunta
1341 3565 1602 3664 Rothomagum

541 3679 678 3767 versus,
690 3696 765 3755 tarn
773 3683 875 3779 juxta
884 3682 1041 3754 fluminis
1052 3681 1225 3779 Sequanae
1234 3681 1328 3779 ripas
1340 3703 1450 3779 quam
1461 3682 1499 3752 in
1513 3681 1603 3777 agris

540 3810 577 3870 et
593 3798 696 3869 terris
716 3797 894 3887 finitimis,
918 3798 1042 3869 omnia
1061 3795 1343 3895 complanarent.
1371 3795 1485 3869 Facile
1506 3796 1603 3869 enim

541 3940 608 4014 per
623 3914 757 3987 flumen
773 3938 817 3986 ex
832 3913 971 3986 Parisiis
988 3927 1025 3985 et
1040 3912 1283 4012 superioribus
1299 3912 1403 3987 terris
1417 3932 1602 3987 annonam

542 4044 578 4102 et
589 4029 775 4103 machinas
789 4027 893 4122 belli,
912 4029 1082 4101 exercitui
1104 4029 1337 4123 necessarias,
1357 4028 1487 4102 advehi
1505 4027 1603 4101 sace-

580 4276 611 4333 l.
633 4274 756 4331 Montes.

580 4362 611 4419 Ξ.
635 4359 747 4419 ὓίωη.

582 4452 612 4508 3.
633 4446 815 4507 Neul'chltel.

581 4538 612 4595 4.
634 4534 798 4596 caudebec.

582 4628 611 4683 d.
631 4623 807 4687 uentum
820 4624 973 4705 d‘arqoes.
