3892 5892
529 816 588 873 sto
817 810 1073 871 utstumstttttt
1092 807 1229 867 cenom
1248 810 1302 870 Vll

533 961 645 1009 manu
667 934 864 1033 inglorum
887 946 1161 1023 remanserunt,
1190 929 1403 1031 oppidulum
1424 930 1601 1003 videlicet

532 1052 578 1124 de
598 1050 855 1141 Honneilutu¹,
884 1050 1141 1123 munitissimus
1167 1061 1204 1120 et
1229 1048 1439 1121 fortissimus
1463 1046 1595 1134 locus,

532 1180 689 1248 castrum
714 1164 760 1237 de
780 1163 915 1261 ¹Tolca¹
936 1178 972 1235 et
996 1177 1154 1259 castrum
1170 1162 1216 1237 de
1241 1161 1493 1253 Cambresiis⁸3
1511 1186 1598 1259 quae

533 1282 641 1353 etiam
650 1279 886 1379 postmodum
897 1278 1087 1353 obsidione
1099 1290 1296 1372 coarctata,
1315 1276 1353 1351 iu
1371 1275 1596 1351 deditionem

536 1410 678 1497 recepte
695 1396 851 1500 suerunt.

583 1514 676 1585 Cum
701 1527 820 1585 autem
842 1533 968 1583 omnes
984 1516 1204 1587 Francorum
1219 1509 1329 1583 duces
1344 1510 1523 1583 civitatem
1539 1510 1597 1581 in·

535 1628 644 1727 gressi
663 1628 828 1716 luissent,
846 1626 1012 1699 videlicet
1026 1624 1171 1701 illustris
1189 1610 1369 1700 loliannes
1384 1650 1505 1699 comes
1516 1630 1594 1699 Du·
1619 1690 1634 1712 ,

535 1746 676 1837 nensis,
694 1769 815 1818 comes
825 1744 1001 1843 deAugo,
1018 1744 1404 1836 comesSancti-Peuli,
1423 1743 1594 1818 dominus

538 1847 811 1955 decaucourit
833 1867 991 1935 Potonus
1008 1859 1054 1935 de
1070 1860 1318 1956 Saintreillez,
1342 1860 1596 1935 mareschallus

536 1978 722 2068 Franciae⁸,
732 1993 767 2051 et
776 1976 1124 2053 altermareschallns
1136 1976 1594 2078 dominusdeJailIongne⁸,

539 2093 709 2167 dominus
724 2096 849 2166 Petrus
865 2093 911 2165 de
927 2099 1077 2189 Bresey,
1088 2116 1240 2189 magnus
1250 2091 1490 2167 seneschallus
1506 2098 1598 2167 Nor-

540 2212 695 2285 manniae
707 2214 731 2303 ³,
751 2205 921 2283 dominus
936 2210 983 2285 dc
997 2211 1197 2297 Torciaco⁸,
1210 2208 1380 2285 dominns
1388 2211 1600 2309 prepositus

542 2328 776 2420 Parisiensis’,
796 2326 903 2400 frater
923 2328 1019 2425 ejus,
1041 2328 1127 2400 item
1143 2332 1170 2398 F
1170 2320 1336 2425 loquelus
1351 2342 1387 2399 et
1401 2328 1461 2401 alii
1478 2326 1601 2425 planes

537 2444 675 2546 ¹militiae
691 2444 830 2534 duces,
842 2468 999 2542 quorum
1016 2445 1164 2517 nomina
1180 2467 1255 2517 non
1272 2458 1453 2533 tenemus,
1472 2457 1508 2514 et
1523 2444 1599 2540 jam

540 2560 627 2634 dicti
644 2560 808 2633 antistitis
825 2557 1089 2658 providentiam
1100 2572 1294 2658 spectatam
1307 2574 1601 2659 compertamque

538 2674 725 2767 haberent,
734 2674 847 2773 ipsius
855 2672 1046 2746 consilium
1054 2698 1164 2773 super
1175 2674 1602 2775 ulterioreprosecntione

583 2939 612 2996 l.
635 2934 787 2993 Honllenr.

583 3025 613 3085 Ξ.
635 3026 677 3082 Ie
690 3020 813 3081 chlteeu
824 3018 862 3079 de
874 3022 1018 3099 Tonques.

586 3116 614 3171 3.
626 3100 678 3171 '1ae
690 3110 813 3171 chitean
827 3109 863 3170 de
876 3108 1055 3181 Chambrois.

584 3205 614 3260 l.
636 3201 730 3260 Raoul
747 3200 784 3260 de
800 3202 959 3261 Gauconrt.

585 3293 614 3349 5.
637 3293 730 3350 Poton
749 3290 786 3351 de
806 3290 992 3351 Xaintrailles
1014 3290 1114 3351 n’etait
1129 3308 1234 3353 encore
1254 3312 1312 3373 qne
1331 3292 1424 3374 grand
1441 3292 1549 3371 icuyer
1563 3290 1603 3351 du

544 3378 590 3439 roi
601 3392 632 3439 ct
643 3377 724 3439 builli
738 3380 776 3441 de
789 3382 883 3443 Beni.
892 3382 969 3441 C’est
985 3380 1098 3441 Gilbert
1110 3379 1147 3441 de
1160 3383 1201 3444 tn
1208 3383 1325 3461 Fayette
1335 3383 1386 3461 qui
1399 3382 1468 3441 enit
1479 3381 1605 3462 premier

546 3470 847 3532 merschslenttttt.
1429 3546 1434 3552 Ι

586 3563 616 3618 6.
639 3558 773 3639 Philipps
786 3558 824 3619 de
836 3559 956 3636 Culant,
970 3560 1107 3641 seigneur
1117 3559 1155 3621 de
1167 3560 1314 3641 Jelognes.

587 3649 616 3709 7.
639 3647 737 3709 Pierre
751 3647 788 3708 de
801 3649 889 3709 meze
902 3649 971 3708 eteit
982 3648 1115 3709 sineehal
1127 3649 1163 3709 de
1172 3652 1286 3711 Poitou.
1300 3648 1324 3709 ll
1337 3668 1376 3709 ne
1387 3650 1415 3711 le
1428 3649 1472 3709 lut
1482 3649 1519 3709 de
1532 3652 1605 3709 llor-

547 3736 666 3797 mendie
675 3739 811 3817 qu'epres
824 3740 854 3799 le
866 3739 1039 3800 soumission
1055 3740 1092 3799 de
1104 3742 1220 3802 Ronen.

588 3832 618 3887 8.
640 3832 713 3888 Jean
726 3817 954 3902 cl’ltstouteville,¹
964 3828 1179 3907 grand-maine
1186 3831 1239 3891 des
1248 3829 1431 3891 arbale'triers
1441 3828 1478 3890 de
1486 3832 1604 3903 France,

549 3917 620 3977 dont
635 3916 747 3977 llobert
762 3915 882 3977 Blondel
896 3917 948 3977 nit
962 3916 1068 3999 l'iloge
1079 3938 1116 3977 en
1130 3940 1177 3979 ces
1195 3934 1320 3980 termes:
1339 3944 1352 3975 ι
1365 3923 1470 3979 Potens
1488 3932 1517 3979 et
1535 3938 1606 3979 con-

548 4007 640 4068 sultus
657 4007 856 4087 propositique
875 4021 981 4082 tenax,
999 4006 1086 4067 heros
1101 4014 1315 4080 Mtoutnttle,
1334 4008 1481 4090 generosis
1502 4022 1532 4069 et
1546 4028 1606 4069 ma-

548 4113 631 4159 tema
645 4110 723 4157 sorte
738 4096 969 4178 locupletissimis
984 4096 1099 4157 dnobus
1116 4099 1178 4172 ejus
1194 4098 1292 4159 liberis
1304 4098 1479 4171 illustratus,
1496 4098 1606 4157 exerci-

548 4186 703 4249 tatissimos
717 4184 813 4258 bello,
825 4186 972 4246 neminem
985 4206 1090 4266 supra,
1108 4186 1336 4261 commilitones,
1351 4186 1402 4267 qni
1420 4198 1462 4245 tot
1475 4184 1605 4259 labores,

550 4284 610 4347 tot,
632 4295 685 4353 per
702 4293 783 4335 mare
800 4286 831 4333 et
842 4286 954 4348 meres,
968 4274 1115 4355 pericula,
1131 4296 1185 4357 pro
1205 4276 1401 4337 sacratissima
1417 4274 1499 4355 rupis
1514 4275 1606 4337 Sancti

551 4361 700 4423 Michaelis
723 4362 961 4436 conservatione,
983 4362 1121 4440 tulerunt,
1143 4384 1210 4425 cum
1230 4366 1380 4425 Britonum
1404 4363 1535 4425 exercitu
1556 4361 1606 4421 ad·

440 4461 442 4466 '
549 4450 657 4525 junxit.
671 4478 684 4502 ι·
701 4454 829 4512 'Auerem
837 4456 1032 4529 nammis,
1042 4454 1063 4516 Ι.
1076 4458 1134 4527 111,
1143 4476 1170 4515 c.
1186 4476 1209 4515 r.

593 4542 623 4603 9.
644 4538 755 4601 nobee
768 4541 997 4617 d’Estonterille,
1011 4544 1115 4624 privet
1126 4545 1164 4607 de
1176 4546 1269 4607 Paris.
