3892 5892
728 937 837 994 LIBER
855 935 1025 1010 Qmu'rtts.
1351 933 1408 992 stt

361 1059 605 1132 communitas
621 1058 767 1160 oppidi,
786 1076 825 1134 ut
841 1085 966 1133 eorum
984 1059 1123 1132 animos
1140 1055 1234 1131 bona
1251 1083 1313 1158 spe
1329 1085 1413 1130 con·
1448 1126 1453 1136 .

362 1175 545 1248 lirmarent
573 1173 656 1248 lidei
684 1200 755 1248 suae
783 1190 888 1274 atquc
911 1199 1097 1248 succursus
1122 1174 1290 1272 polliciti,
1317 1174 1412 1246 velut

363 1291 525 1381 obsides,
543 1289 635 1362 duos
651 1315 694 1362 ex
715 1289 857 1364 decenis
873 1294 882 1329 ¹
898 1293 969 1363 suis
986 1290 1030 1362 ad
1048 1305 1201 1362 castrum
1221 1290 1410 1379 miserunt,

362 1405 593 1495 affirmantes,
613 1403 642 1474 si
658 1403 704 1476 ad
725 1429 785 1477 eos
800 1404 873 1476 dux
893 1404 1101 1502 Burgundiae
1118 1419 1271 1476 castrum
1288 1405 1413 1477 obses-

362 1547 465 1593 surus
475 1520 667 1592 esercitum
682 1519 900 1612 admoveret,
914 1545 952 1592 se
964 1545 1089 1592 omnes
1100 1521 1197 1620 prius
1210 1521 1410 1609 morituros,

362 1661 470 1734 quam
495 1635 641 1708 eosdem
668 1634 910 1732 relinquerent
936 1635 1152 1708 indefensos.
1180 1639 1256 1708 Hoc
1281 1635 1413 1733 itaque,

363 1751 459 1823 velut
474 1749 557 1822 fidei
577 1750 668 1822 datae
687 1763 835 1848 accepto
850 1747 985 1821 idoneo
1000 1751 1171 1849 pignore,
1191 1749 1413 1844 conlirmnti,

363 1865 590 1938 obsidionem
607 1865 840 1938 decreverunt
855 1878 1070 1963 exspectare.

721 2123 975 2194 capitutum
996 2123 1040 2192 Χ.

408 2301 553 2372 Quomodo
563 2301 618 2356 dux
630 2301 789 2374 burgundie
801 2301 906 2356 obsedit
915 2315 1030 2356 omnum
1042 2299 1076 2354 de
1088 2307 1168 2354 Gerre
1181 2313 1206 2354 et
1218 2299 1371 2356 Gondenses

536 2389 688 2462 prostravit,
703 2389 814 2443 obsessis
825 2408 977 2444 succursum
990 2401 1112 2462 prestare
1124 2401 1243 2444 conatos.

413 2554 495 2638 Quo
510 2551 626 2622 statim
644 2551 803 2624 secundo
819 2567 954 2643 castro,
968 2531 1020 2623 ‘ut
1042 2549 1213 2641 diximus,
1232 2547 1415 2646 expedito,

365 2672 544 2744 constricti
567 2687 603 2744 et
625 2673 710 2771 ipsi,
728 2672 947 2771 paucissimis
963 2671 1120 2776 decursis
1142 2671 1286 2762 diebus,
1311 2670 1418 2743 dedi-

365 2785 499 2858 tionem
510 2785 557 2858 ad
574 2800 701 2859 nutum
719 2801 754 2860 et
769 2788 987 2860 voluntatem
1006 2787 1176 2887 principis
1191 2787 1306 2860 lacere
1318 2809 1419 2857 com·

364 2900 457 3000 pulsi
498 2918 593 2975 sunt.
624 2903 694 2991 Qui
729 2918 769 2975 ut
799 2904 928 3000 laqueo
957 2918 995 2975 et
1024 2902 1091 3001 ipsi
1117 2903 1225 2975 vitam
1258 2904 1418 3001 suspensi

364 3014 528 3108 linirent,
550 3018 858 3116 quemadmodum
879 3019 1016 3116 priores
1037 3019 1211 3108 fecerant,
1233 3021 1283 3092 eis
1303 3019 1420 3092 decla·

364 3145 482 3220 ratum
500 3131 576 3202 luit.
602 3137 692 3204 Cum
712 3146 833 3204 autem
855 3132 1033 3202 exsecutio
1057 3130 1172 3218 lieret,
1189 3134 1419 3232 supplicium·

365 3269 436 3341 que
460 3244 506 3316 dc
530 3245 613 3341 ipsis
639 3257 851 3336 sumeretur,
880 3268 962 3316 ecce
994 3243 1184 3316 adventare
1213 3246 1420 3322 Gaudenscs

366 3383 450 3430 cnm
473 3360 628 3430 maxima
655 3357 880 3430 multitudiue
905 3358 1056 3456 principi
1087 3383 1224 3456 suoque
1251 3363 1419 3433 exercitui

366 3472 561 3545 nuntiatur.
595 3472 720 3545 Adbuc
745 3473 841 3544 enim
873 3471 1047 3570 putabant
1071 3471 1235 3544 obsessos
1259 3475 1359 3546 vivos
1384 3489 1419 3549 et

366 3587 564 3661 incolumes
579 3589 750 3661 invenire.
772 3587 877 3676 Quod
893 3611 977 3660 cum
992 3588 1041 3660 ita
1057 3587 1308 3662 illustrissimus
1321 3592 1419 3688 prin-

365 3730 450 3804 ceps
488 3703 733 3796 intellexisset,
769 3703 963 3776 accelerato
999 3702 1203 3776 deditorum
1243 3705 1418 3803 supplicio

367 3823 480 3918 (inter
500 3845 592 3918 quos
612 3833 647 3892 et
666 3818 717 3890 illi
741 3819 868 3892 decani
890 3817 1135 3892 Gaudeusinm
1158 3843 1281 3918 poenas
1304 3819 1419 3892 dede·

367 3938 471 4032 runt)
489 3992 500 4027 ,
520 3936 619 4009 lectus
638 3935 760 4008 animo
777 3949 884 4032 atque
900 3935 1030 4021 alacer,
1048 3933 1156 4007 veluti
1174 3936 1299 4007 festivo
1316 3935 1419 4007 alicui

368 4053 568 4151 celebrique
594 4051 762 4124 convivio
786 4064 877 4122 esset
900 4049 1105 4144 adfuturus,
1133 4052 1226 4123 acies
1246 4075 1326 4123 suas
1345 4065 1418 4126 tam

368 4167 529 4260 equitnm
546 4191 656 4264 quam
672 4164 832 4264 peditum
849 4162 976 4234 ordine
989 4164 1214 4236 convenienti
1229 4163 1420 4263 disponere

410 4371 440 4429 l.
465 4395 479 4421 ι
502 4371 586 4428 Deux
606 4369 658 4428 des
681 4367 790 4446 doyens
810 4366 861 4424 des
882 4365 1009 4424 mettere.
1034 4391 1047 4418 s
1072 4367 1117 4426 On
1139 4367 1265 4446 appelait
1286 4369 1378 4444 ainsi,
1405 4373 1422 4429 i

369 4457 471 4531 (laud,
483 4458 527 4518 les
538 4457 616 4517 ebels
630 4459 681 4517 des
691 4456 890 4536 corporations
902 4453 1106 4526 industriores,
1123 4455 1174 4532 qui
1188 4457 1316 4516 laissient
1331 4458 1422 4538 partie

370 4545 411 4605 du
429 4565 514 4625 corps
535 4545 674 4624 politiqne
698 4545 735 4602 de
758 4545 787 4602 la
803 4542 873 4602 ville
890 4540 992 4621 depuis
1013 4543 1040 4602 le
1060 4555 1152 4621 temps
1174 4542 1210 4602 de
1227 4549 1348 4622 Jsoques
1368 4553 1423 4606 Ar·

370 4633 466 4697 teveld
474 4679 485 4712 ,
498 4645 527 4694 et
538 4633 588 4714 qui
603 4637 671 4692 n'en
686 4631 781 4690 iurent
795 4631 860 4711 plus
872 4631 956 4710 apres
969 4631 996 4692 la
1009 4629 1125 4690 bataille
1137 4631 1173 4692 de
1190 4633 1296 4694 Gerre.
