3892 5892
738 937 846 1001 amaa
868 942 1065 1037 Quassus..
1357 948 1414 1003 tsi

364 1084 485 1139 versos
504 1064 665 1139 subditos
685 1089 727 1138 ac
749 1063 956 1159 ioederatos,
987 1066 1023 1137 in
1048 1064 1179 1163 quibus
1204 1065 1417 1141 nominatim

364 1196 440 1254 erat
456 1180 527 1253 dux
544 1181 619 1280 ipse
637 1181 821 1253 Britanniae
835 1206 878 1257 ex
896 1196 1045 1280 utraque
1059 1206 1183 1281 regum
1199 1199 1301 1282 parte
1316 1208 1416 1257 com·

362 1294 594 1393 prehensus),
613 1295 813 1368 adventavit
843 1312 953 1401 noctu
980 1322 1021 1369 ex
1044 1296 1175 1369 finibus
1193 1299 1418 1373 Normauniae

360 1409 407 1483 ad
426 1410 632 1507 hujusmodi
644 1409 833 1511 oppidum,
847 1426 883 1484 et
898 1436 961 1509 per
979 1396 1306 1487 suos'inscalatores
1324 1414 1417 1489 olam

359 1541 395 1598 et
410 1525 547 1611 furtim,
568 1526 707 1599 civibus
721 1550 851 1599 somno
874 1528 1016 1628 sopitis,
1039 1554 1159 1601 arcem
1184 1543 1290 1625 atque
1312 1532 1415 1630 oppi-

359 1640 449 1713 dum
459 1642 577 1739 ipsum
588 1642 748 1715 introivit
761 1656 797 1715 et
813 1645 1013 1742 occupavit.
1033 1644 1142 1733 Quod
1158 1670 1241 1717 cum
1255 1645 1416 1717 animad-

366 1758 548 1831 vertissent
574 1759 645 1833 loci
670 1760 782 1854 cives,
812 1760 932 1858 pavidi
966 1775 1002 1833 et
1033 1777 1153 1835 mente
1181 1761 1415 1855 consternati,

360 1856 528 1947 domibus
555 1875 757 1975 opibusque
778 1874 927 1965 relictis,
949 1892 1076 1975 praeter
1099 1877 1136 1951 id
1161 1876 1261 1976 quod
1286 1901 1417 1977 prope-

358 2007 479 2064 ranter
494 2015 620 2090 rapere
636 2016 828 2087 secumque
842 1990 982 2063 deferre
997 1992 1207 2085 valuerunt,
1222 1992 1340 2091 plures
1352 2016 1418 2092 per

361 2108 491 2181 moenia
507 2106 651 2206 dilapsi,
671 2107 900 2203 aufugerunt,
925 2106 1014 2201 aliis,
1034 2107 1164 2210 quibus
1178 2106 1235 2180 vel
1252 2109 1345 2181 vires
1362 2106 1418 2181 rel

359 2226 500 2295 animus
517 2223 687 2315 deerant,
709 2224 744 2296 in
760 2225 970 2323 praedonum
987 2240 1200 2325 potestatem
1225 2226 1361 2300 traditis
1384 2240 1420 2299 et

361 2337 502 2409 relictis.
522 2340 632 2435 igitur
658 2337 905 2435 hujuscemodi
931 2340 1124 2439 oppidum,
1157 2355 1243 2412 tunc
1266 2340 1417 2439 opulen-

361 2470 438 2527 tum
453 2470 488 2527 et
504 2456 640 2553 magnis
656 2454 786 2527 divitiis
800 2455 984 2543 refertum,
1005 2481 1050 2527 eo
1067 2455 1178 2529 modo
1194 2470 1357 2554 captum,
1373 2454 1420 2527 ab

363 2570 515 2667 Anglicis
539 2571 718 2671 direptum
741 2582 793 2643 est
819 2585 926 2668 atque
947 2572 1088 2670 penitus
1105 2572 1140 2643 in
1160 2570 1317 2670 praedam
1336 2595 1420 2643 ver-

362 2711 463 2779 sum,
484 2702 650 2760 currente
665 2710 762 2761 anno
778 2688 923 2759 Domini
939 2688 1198 2765 ucoccmvnrl.

702 2996 958 3085 cirtrntun
983 2994 1072 3064 xiu.

413 3193 558 3262 Quomodo
571 3193 660 3265 aptio
671 3191 736 3245 dicti
747 3190 842 3263 oppidi
854 3192 1016 3243 franeorum
1028 3190 1083 3261 regi
1096 3203 1122 3243 et
1134 3191 1187 3243 mis
1198 3192 1367 3247 vehementer

597 3280 751 3353 displicuit,
763 3278 832 3333 etde
843 3280 964 3351 oaptione
976 3278 1187 3332 Pontis-Arche.

411 3468 499 3552 Quae
523 3460 641 3560 captio
667 3472 702 3531 et
723 3456 855 3557 praeda,
880 3456 962 3529 licet
984 3457 1085 3529 initio
1104 3481 1178 3527 non
1197 3480 1344 3555 parvam
1368 3458 1419 3527 eis

362 3579 536 3654 attulisset
559 3574 749 3672 ,utilitatem
771 3588 878 3671 atque
900 3570 1197 3670 jucunditatem',
1226 3572 1418 3644 infaustum

362 3714 481 3770 tamen
494 3709 600 3792 atque
615 3690 790 3763 infelicem
805 3690 997 3783 exitumeis
1009 3689 1227 3789 importavit,
1244 3688 1419 3787 quemad-

360 3816 511 3889 modum
537 3814 573 3883 in
598 3808 829 3909 sequentibus
854 3807 1051 3909 apparebit.
1086 3810 1231 3879 Moestus
1258 3802 1418 3905 proiecto

360 3958 426 4031 pro
446 3920 653 4028 hujusmodi
675 3926 969 4024 impraemeditato
985 3939 1091 4023 atque
1110 3926 1289 4023 insperato
1308 3921 1420 3993 insor-

363 4049 463 4123 tunio
480 4049 545 4120 luit
561 4046 748 4118 Britanniae
761 4046 849 4139 dux,
873 4058 908 4117 et
925 4044 1073 4127 Carolus
1092 4068 1152 4114 rex
1169 4056 1276 4139 atque
1293 4065 1420 4112 omnes

362 4166 503 4255 Franci,
523 4166 586 4263 qui
606 4164 676 4236 hoc
693 4188 769 4235 non
785 4164 886 4236 aliter
903 4187 1012 4257 quam
1033 4161 1087 4235 sui
1104 4186 1210 4232 causa
1234 4160 1271 4233 in
1294 4160 1419 4254 suique

402 4400 431 4455 l.
451 4397 492 4452 Le
507 4394 547 4449 24
563 4412 639 4452 mars
658 4396 753 4457 4448.
768 4413 798 4451 v.
814 4404 867 4464 st,
885 4388 1074 4449 dest-Mire
1090 4392 1178 4447 4449.

402 4486 432 4541 2.
458 4510 472 4533 .
484 4480 622 4539 Nonnulli
634 4479 710 4538 lianc
725 4478 851 4558 predam
865 4478 935 4537 mnti
951 4478 1058 4537 valoris
1072 4478 1156 4535 luisse
1170 4488 1310 4544 asserunt,
1322 4486 1421 4553 erepta

365 4571 497 4651 fulgetis
521 4568 613 4647 spolia
633 4566 736 4647 viginti
755 4580 870 4626 eentum
892 4566 998 4639 millia,
1018 4584 1087 4623 vera
1109 4565 1315 4637 estimatione,
1337 4580 1421 4642 posse

362 4659 529 4745 appretiari.
548 4684 561 4709 ι
585 4654 693 4715 uoben
710 4654 847 4725 Bloudel,
869 4660 993 4713 Assertio
1006 4658 1201 4733 Numanuia,
1216 4652 1266 4715 tib.
1278 4658 1307 4729 l,
1322 4676 1348 4713 c.
1362 4675 1381 4713 r.
