<?xml version="1.0" encoding="UTF-8"?>
<!DOCTYPE html PUBLIC "-//W3C//DTD XHTML 1.0 Transitional//EN"
    "http://www.w3.org/TR/xhtml1/DTD/xhtml1-transitional.dtd">
<html xmlns="http://www.w3.org/1999/xhtml" xml:lang="en" lang="en">
 <head>
  <title>
</title>
<meta http-equiv="Content-Type" content="text/html;charset=utf-8" />
  <meta name='ocr-system' content='tesseract 3.04.00' />
  <meta name='ocr-capabilities' content='ocr_page ocr_carea ocr_par ocr_line ocrx_word'/>
</head>
<body>
  <div class='ocr_page' id='page_1' title='image "./histoiredesrgne01amelgoog_0245.png"; bbox 0 0 3892 5892; ppageno 0'>
   <div class='ocr_carea' id='block_1_1' title="bbox 604 854 1456 967">
    <p class='ocr_par' dir='ltr' id='par_1_1' title="bbox 604 854 1456 967">
     <span class='ocr_line' id='line_1_1' title="bbox 604 854 1456 967; baseline 0.002 -2"><span class='ocrx_word' id='word_1_1' title='bbox 604 904 617 915; x_wconf 55' lang='lat'>⁸</span> <span class='ocrx_word' id='word_1_2' title='bbox 713 906 823 965; x_wconf 75' lang='lat' dir='ltr'><strong>amsa</strong></span> <span class='ocrx_word' id='word_1_3' title='bbox 836 889 1043 967; x_wconf 76' lang='lat' dir='ltr'><strong>&#39;secuunus</strong></span> <span class='ocrx_word' id='word_1_4' title='bbox 1375 910 1413 967; x_wconf 78' lang='lat' dir='ltr'><strong>sa</strong></span> <span class='ocrx_word' id='word_1_5' title='bbox 1450 854 1456 867; x_wconf 44' lang='grc'><strong><em>’</em></strong></span> 
     </span>
    </p>
   </div>
   <div class='ocr_carea' id='block_1_2' title="bbox 358 1028 1428 2723">
    <p class='ocr_par' dir='ltr' id='par_1_2' title="bbox 358 1028 1428 2723">
     <span class='ocr_line' id='line_1_2' title="bbox 358 1028 1415 1105; baseline -0.001 -1"><span class='ocrx_word' id='word_1_6' title='bbox 358 1056 458 1105; x_wconf 89' lang='lat' dir='ltr'><strong>mero</strong></span> <span class='ocrx_word' id='word_1_7' title='bbox 483 1031 590 1104; x_wconf 87' lang='lat' dir='ltr'><strong>armis</strong></span> <span class='ocrx_word' id='word_1_8' title='bbox 606 1028 698 1105; x_wconf 87' lang='lat' dir='ltr'><strong>male</strong></span> <span class='ocrx_word' id='word_1_9' title='bbox 715 1031 897 1103; x_wconf 87' lang='lat' dir='ltr'><strong>instructa.</strong></span> <span class='ocrx_word' id='word_1_10' title='bbox 919 1034 1029 1103; x_wconf 86' lang='lat' dir='ltr'><strong>Erant</strong></span> <span class='ocrx_word' id='word_1_11' title='bbox 1056 1031 1165 1104; x_wconf 86' lang='lat' dir='ltr'><strong>duces</strong></span> <span class='ocrx_word' id='word_1_12' title='bbox 1191 1054 1318 1102; x_wconf 88' lang='lat' dir='ltr'><strong>eorum</strong></span> <span class='ocrx_word' id='word_1_13' title='bbox 1341 1030 1415 1103; x_wconf 84' lang='lat' dir='ltr'><strong>dux</strong></span> 
     </span>
     <span class='ocr_line' id='line_1_3' title="bbox 360 1146 1416 1245; baseline -0.002 -24"><span class='ocrx_word' id='word_1_14' title='bbox 360 1149 560 1239; x_wconf 72' lang='lat' dir='ltr'><strong>llsnconii,</strong></span> <span class='ocrx_word' id='word_1_15' title='bbox 581 1152 757 1237; x_wconf 87' lang='lat' dir='ltr'><strong>Joanues,</strong></span> <span class='ocrx_word' id='word_1_16' title='bbox 786 1170 908 1219; x_wconf 88' lang='lat' dir='ltr'><strong>comes</strong></span> <span class='ocrx_word' id='word_1_17' title='bbox 924 1147 969 1220; x_wconf 88' lang='lat' dir='ltr'><strong>de</strong></span> <span class='ocrx_word' id='word_1_18' title='bbox 993 1146 1224 1237; x_wconf 78' lang='lat' dir='ltr'><strong>Alba-Mala¹,</strong></span> <span class='ocrx_word' id='word_1_19' title='bbox 1242 1161 1278 1219; x_wconf 90' lang='lat' dir='ltr'><strong>et</strong></span> <span class='ocrx_word' id='word_1_20' title='bbox 1297 1146 1416 1245; x_wconf 88' lang='lat' dir='ltr'><strong>plures</strong></span> 
     </span>
     <span class='ocr_line' id='line_1_4' title="bbox 358 1258 1418 1360; baseline -0.002 -25"><span class='ocrx_word' id='word_1_21' title='bbox 358 1264 419 1335; x_wconf 90' lang='lat' dir='ltr'><strong>alii</strong></span> <span class='ocrx_word' id='word_1_22' title='bbox 442 1262 596 1335; x_wconf 86' lang='lat' dir='ltr'><strong>barones</strong></span> <span class='ocrx_word' id='word_1_23' title='bbox 616 1276 651 1335; x_wconf 90' lang='lat' dir='ltr'><strong>et</strong></span> <span class='ocrx_word' id='word_1_24' title='bbox 674 1262 850 1359; x_wconf 88' lang='lat' dir='ltr'><strong>capitanei</strong></span> <span class='ocrx_word' id='word_1_25' title='bbox 872 1261 918 1333; x_wconf 90' lang='lat' dir='ltr'><strong>de</strong></span> <span class='ocrx_word' id='word_1_26' title='bbox 941 1263 1022 1360; x_wconf 91' lang='lat' dir='ltr'><strong>ipso</strong></span> <span class='ocrx_word' id='word_1_27' title='bbox 1049 1258 1160 1359; x_wconf 81' lang='lat' dir='ltr'><strong>regno</strong></span> <span class='ocrx_word' id='word_1_28' title='bbox 1183 1262 1349 1334; x_wconf 72' lang='lat' dir='ltr'><strong>Francius.</strong></span> <span class='ocrx_word' id='word_1_29' title='bbox 1374 1266 1418 1333; x_wconf 88' lang='lat' dir='ltr'><strong>Et</strong></span> 
     </span>
     <span class='ocr_line' id='line_1_5' title="bbox 358 1375 1418 1477; baseline -0.005 -24"><span class='ocrx_word' id='word_1_30' title='bbox 358 1380 442 1477; x_wconf 86' lang='lat' dir='ltr'><strong>quia</strong></span> <span class='ocrx_word' id='word_1_31' title='bbox 459 1378 608 1477; x_wconf 83' lang='lat' dir='ltr'><strong>Anglici,</strong></span> <span class='ocrx_word' id='word_1_32' title='bbox 627 1402 692 1476; x_wconf 92' lang='lat' dir='ltr'><strong>per</strong></span> <span class='ocrx_word' id='word_1_33' title='bbox 717 1401 802 1449; x_wconf 91' lang='lat' dir='ltr'><strong>suos</strong></span> <span class='ocrx_word' id='word_1_34' title='bbox 823 1378 1021 1473; x_wconf 83' lang='lat' dir='ltr'><strong>sagittarios</strong></span> <span class='ocrx_word' id='word_1_35' title='bbox 1038 1392 1257 1477; x_wconf 84' lang='lat' dir='ltr'><strong>pugnantes,</strong></span> <span class='ocrx_word' id='word_1_36' title='bbox 1280 1375 1418 1476; x_wconf 75' lang='lat' dir='ltr'><strong>pedites</strong></span> 
     </span>
     <span class='ocr_line' id='line_1_6' title="bbox 360 1490 1420 1591; baseline -0.005 -23"><span class='ocrx_word' id='word_1_37' title='bbox 360 1496 517 1568; x_wconf 81' lang='lat' dir='ltr'>Francos</span> <span class='ocrx_word' id='word_1_38' title='bbox 541 1516 632 1591; x_wconf 85' lang='lat' dir='ltr'><strong>saepe</strong></span> <span class='ocrx_word' id='word_1_39' title='bbox 650 1504 931 1591; x_wconf 83' lang='lat' dir='ltr'><strong>prostraverant,</strong></span> <span class='ocrx_word' id='word_1_40' title='bbox 956 1490 1180 1589; x_wconf 86' lang='lat' dir='ltr'><strong>providentia</strong></span> <span class='ocrx_word' id='word_1_41' title='bbox 1204 1507 1332 1564; x_wconf 87' lang='lat' dir='ltr'><strong>contra</strong></span> <span class='ocrx_word' id='word_1_42' title='bbox 1347 1490 1420 1563; x_wconf 92' lang='lat' dir='ltr'><strong>hoc</strong></span> 
     </span>
     <span class='ocr_line' id='line_1_7' title="bbox 361 1605 1421 1708; baseline -0.003 -28"><span class='ocrx_word' id='word_1_43' title='bbox 361 1635 425 1708; x_wconf 87' lang='lat' dir='ltr'><strong>per</strong></span> <span class='ocrx_word' id='word_1_44' title='bbox 440 1632 607 1708; x_wconf 85' lang='lat' dir='ltr'><strong>proceres</strong></span> <span class='ocrx_word' id='word_1_45' title='bbox 622 1608 721 1703; x_wconf 85' lang='lat' dir='ltr'><strong>regni</strong></span> <span class='ocrx_word' id='word_1_46' title='bbox 737 1605 899 1680; x_wconf 89' lang='lat' dir='ltr'><strong>adhiberi</strong></span> <span class='ocrx_word' id='word_1_47' title='bbox 913 1605 1047 1678; x_wconf 91' lang='lat' dir='ltr'><strong>credita</strong></span> <span class='ocrx_word' id='word_1_48' title='bbox 1062 1621 1134 1693; x_wconf 90' lang='lat' dir='ltr'><strong>est,</strong></span> <span class='ocrx_word' id='word_1_49' title='bbox 1151 1607 1182 1679; x_wconf 90' lang='lat' dir='ltr'><strong>si</strong></span> <span class='ocrx_word' id='word_1_50' title='bbox 1197 1605 1421 1706; x_wconf 85' lang='lat' dir='ltr'><strong>pedestribus</strong></span> 
     </span>
     <span class='ocr_line' id='line_1_8' title="bbox 361 1718 1422 1823; baseline -0.003 -27"><span class='ocrx_word' id='word_1_51' title='bbox 361 1724 473 1823; x_wconf 91' lang='lat' dir='ltr'><strong>copiis</strong></span> <span class='ocrx_word' id='word_1_52' title='bbox 491 1724 751 1821; x_wconf 83' lang='lat' dir='ltr'><strong>sagittariorum</strong></span> <span class='ocrx_word' id='word_1_53' title='bbox 767 1748 810 1794; x_wconf 85' lang='lat' dir='ltr'><strong>ex</strong></span> <span class='ocrx_word' id='word_1_54' title='bbox 831 1718 955 1819; x_wconf 77' lang='lat' dir='ltr'><strong>Anglia</strong></span> <span class='ocrx_word' id='word_1_55' title='bbox 967 1737 1238 1821; x_wconf 84' lang='lat' dir='ltr'><strong>opponerentur</strong></span> <span class='ocrx_word' id='word_1_56' title='bbox 1254 1722 1422 1821; x_wconf 88' lang='lat' dir='ltr'><strong>quadrin-</strong></span> 
     </span>
     <span class='ocr_line' id='line_1_9' title="bbox 362 1837 1423 1937; baseline -0.003 -26"><span class='ocrx_word' id='word_1_57' title='bbox 362 1854 474 1937; x_wconf 86' lang='lat' dir='ltr'><strong>gentae</strong></span> <span class='ocrx_word' id='word_1_58' title='bbox 493 1838 550 1910; x_wconf 85' lang='lat' dir='ltr'><strong>vel</strong></span> <span class='ocrx_word' id='word_1_59' title='bbox 565 1839 767 1935; x_wconf 85' lang='lat' dir='ltr'><strong>quingentae</strong></span> <span class='ocrx_word' id='word_1_60' title='bbox 781 1838 913 1910; x_wconf 85' lang='lat' dir='ltr'><strong>lanccae</strong></span> <span class='ocrx_word' id='word_1_61' title='bbox 935 1855 980 1909; x_wconf 86' lang='lat' dir='ltr'><strong>cx</strong></span> <span class='ocrx_word' id='word_1_62' title='bbox 996 1837 1123 1911; x_wconf 87' lang='lat' dir='ltr'><strong>italicis</strong></span> <span class='ocrx_word' id='word_1_63' title='bbox 1148 1838 1335 1931; x_wconf 87' lang='lat' dir='ltr'><strong>militibus,</strong></span> <span class='ocrx_word' id='word_1_64' title='bbox 1360 1837 1423 1935; x_wconf 92' lang='lat' dir='ltr'><strong>qui</strong></span> 
     </span>
     <span class='ocr_line' id='line_1_10' title="bbox 363 1954 1419 2055; baseline -0.001 -28"><span class='ocrx_word' id='word_1_65' title='bbox 363 1957 490 2048; x_wconf 87' lang='lat' dir='ltr'><strong>armis,</strong></span> <span class='ocrx_word' id='word_1_66' title='bbox 508 1970 581 2027; x_wconf 86' lang='lat' dir='ltr'><strong>tam</strong></span> <span class='ocrx_word' id='word_1_67' title='bbox 603 1955 669 2026; x_wconf 88' lang='lat' dir='ltr'><strong>viri</strong></span> <span class='ocrx_word' id='word_1_68' title='bbox 693 1978 801 2052; x_wconf 87' lang='lat' dir='ltr'><strong>quam</strong></span> <span class='ocrx_word' id='word_1_69' title='bbox 824 1954 907 2053; x_wconf 91' lang='lat' dir='ltr'><strong>equi</strong></span> <span class='ocrx_word' id='word_1_70' title='bbox 924 1978 1071 2046; x_wconf 87' lang='lat' dir='ltr'><strong>eorum,</strong></span> <span class='ocrx_word' id='word_1_71' title='bbox 1091 1958 1227 2055; x_wconf 89' lang='lat' dir='ltr'><strong>optime</strong></span> <span class='ocrx_word' id='word_1_72' title='bbox 1244 1955 1419 2055; x_wconf 91' lang='lat' dir='ltr'><strong>protecti,</strong></span> 
     </span>
     <span class='ocr_line' id='line_1_11' title="bbox 364 2070 1425 2171; baseline -0.002 -26"><span class='ocrx_word' id='word_1_73' title='bbox 364 2072 569 2167; x_wconf 86' lang='lat' dir='ltr'><strong>sagittarum</strong></span> <span class='ocrx_word' id='word_1_74' title='bbox 588 2070 675 2143; x_wconf 89' lang='lat' dir='ltr'><strong>nihil</strong></span> <span class='ocrx_word' id='word_1_75' title='bbox 697 2072 986 2170; x_wconf 85' lang='lat' dir='ltr'><strong>pertimescentes</strong></span> <span class='ocrx_word' id='word_1_76' title='bbox 1005 2070 1117 2162; x_wconf 91' lang='lat' dir='ltr'><strong>ictus,</strong></span> <span class='ocrx_word' id='word_1_77' title='bbox 1137 2072 1339 2171; x_wconf 88' lang='lat' dir='ltr'><strong>pedestrem</strong></span> <span class='ocrx_word' id='word_1_78' title='bbox 1355 2074 1425 2143; x_wconf 73' lang='lat' dir='ltr'><strong>An·</strong></span> 
     </span>
     <span class='ocr_line' id='line_1_12' title="bbox 364 2184 1426 2285; baseline -0.005 -24"><span class='ocrx_word' id='word_1_79' title='bbox 364 2190 502 2285; x_wconf 85' lang='lat' dir='ltr'><strong>giorum</strong></span> <span class='ocrx_word' id='word_1_80' title='bbox 519 2186 781 2284; x_wconf 82' lang='lat' dir='ltr'><strong>sagittariorum</strong></span> <span class='ocrx_word' id='word_1_81' title='bbox 796 2186 976 2278; x_wconf 89' lang='lat' dir='ltr'><strong>militiam,</strong></span> <span class='ocrx_word' id='word_1_82' title='bbox 993 2187 1030 2258; x_wconf 93' lang='lat' dir='ltr'><strong>in</strong></span> <span class='ocrx_word' id='word_1_83' title='bbox 1043 2210 1114 2284; x_wconf 89' lang='lat' dir='ltr'><strong>qua</strong></span> <span class='ocrx_word' id='word_1_84' title='bbox 1127 2189 1352 2285; x_wconf 88' lang='lat' dir='ltr'><strong>potissimum</strong></span> <span class='ocrx_word' id='word_1_85' title='bbox 1370 2184 1426 2257; x_wconf 90' lang='lat' dir='ltr'><strong>sui</strong></span> 
     </span>
     <span class='ocr_line' id='line_1_13' title="bbox 365 2302 1428 2403; baseline -0.003 -25"><span class='ocrx_word' id='word_1_86' title='bbox 365 2304 537 2378; x_wconf 87' lang='lat' dir='ltr'><strong>exercitus</strong></span> <span class='ocrx_word' id='word_1_87' title='bbox 563 2302 676 2377; x_wconf 91' lang='lat' dir='ltr'><strong>robur</strong></span> <span class='ocrx_word' id='word_1_88' title='bbox 703 2318 738 2375; x_wconf 91' lang='lat' dir='ltr'><strong>et</strong></span> <span class='ocrx_word' id='word_1_89' title='bbox 753 2304 846 2375; x_wconf 86' lang='lat' dir='ltr'><strong>vires</strong></span> <span class='ocrx_word' id='word_1_90' title='bbox 870 2302 988 2374; x_wconf 88' lang='lat' dir='ltr'><strong>solent</strong></span> <span class='ocrx_word' id='word_1_91' title='bbox 1011 2302 1223 2396; x_wconf 88' lang='lat' dir='ltr'><strong>consistere,</strong></span> <span class='ocrx_word' id='word_1_92' title='bbox 1252 2305 1428 2403; x_wconf 85' lang='lat' dir='ltr'><strong>irrumpe-</strong></span> 
     </span>
     <span class='ocr_line' id='line_1_14' title="bbox 366 2414 1428 2515; baseline 0.006 -25"><span class='ocrx_word' id='word_1_93' title='bbox 366 2434 467 2509; x_wconf 90' lang='lat' dir='ltr'><strong>rent,</strong></span> <span class='ocrx_word' id='word_1_94' title='bbox 488 2434 522 2493; x_wconf 87' lang='lat' dir='ltr'><strong>et</strong></span> <span class='ocrx_word' id='word_1_95' title='bbox 548 2443 673 2491; x_wconf 85' lang='lat' dir='ltr'><strong>eorum</strong></span> <span class='ocrx_word' id='word_1_96' title='bbox 699 2416 863 2489; x_wconf 91' lang='lat' dir='ltr'><strong>ordinem</strong></span> <span class='ocrx_word' id='word_1_97' title='bbox 883 2414 1152 2515; x_wconf 85' lang='lat' dir='ltr'><strong>perturbarent,</strong></span> <span class='ocrx_word' id='word_1_98' title='bbox 1172 2444 1234 2491; x_wconf 87' lang='lat' dir='ltr'><strong>eos</strong></span> <span class='ocrx_word' id='word_1_99' title='bbox 1251 2415 1368 2493; x_wconf 91' lang='lat' dir='ltr'><strong>contis</strong></span> <span class='ocrx_word' id='word_1_100' title='bbox 1390 2439 1428 2496; x_wconf 84' lang='lat' dir='ltr'><strong>ct</strong></span> 
     </span>
     <span class='ocr_line' id='line_1_15' title="bbox 365 2532 1427 2633; baseline 0.005 -28"><span class='ocrx_word' id='word_1_101' title='bbox 365 2534 497 2607; x_wconf 88' lang='lat' dir='ltr'><strong>lanceis</strong></span> <span class='ocrx_word' id='word_1_102' title='bbox 513 2532 743 2633; x_wconf 90' lang='lat' dir='ltr'><strong>proterendo.</strong></span> <span class='ocrx_word' id='word_1_103' title='bbox 758 2532 878 2606; x_wconf 87' lang='lat' dir='ltr'><strong>Talem</strong></span> <span class='ocrx_word' id='word_1_104' title='bbox 890 2532 1010 2629; x_wconf 86' lang='lat' dir='ltr'><strong>itaque</strong></span> <span class='ocrx_word' id='word_1_105' title='bbox 1021 2534 1142 2605; x_wconf 87' lang='lat' dir='ltr'><strong>militis</strong></span> <span class='ocrx_word' id='word_1_106' title='bbox 1157 2534 1267 2607; x_wconf 85' lang='lat' dir='ltr'><strong>Italici</strong></span> <span class='ocrx_word' id='word_1_107' title='bbox 1277 2561 1427 2610; x_wconf 89' lang='lat' dir='ltr'><strong>manum</strong></span> 
     </span>
     <span class='ocr_line' id='line_1_16' title="bbox 366 2648 983 2723; baseline 0.002 -2"><span class='ocrx_word' id='word_1_108' title='bbox 366 2674 487 2723; x_wconf 85' lang='lat' dir='ltr'><strong>secum</strong></span> <span class='ocrx_word' id='word_1_109' title='bbox 504 2650 630 2723; x_wconf 87' lang='lat' dir='ltr'><strong>Franci</strong></span> <span class='ocrx_word' id='word_1_110' title='bbox 646 2664 732 2721; x_wconf 89' lang='lat' dir='ltr'><strong>tunc</strong></span> <span class='ocrx_word' id='word_1_111' title='bbox 747 2648 983 2722; x_wconf 53' lang='lat' dir='ltr'><strong>habuerunt&amp;</strong></span> 
     </span>
    </p>
   </div>
   <div class='ocr_carea' id='block_1_3' title="bbox 416 2764 1562 2867">
    <p class='ocr_par' dir='ltr' id='par_1_3' title="bbox 416 2764 1562 2867">
     <span class='ocr_line' id='line_1_17' title="bbox 416 2764 1562 2867; baseline 0.003 -30"><span class='ocrx_word' id='word_1_112' title='bbox 416 2771 444 2837; x_wconf 95' lang='lat' dir='ltr'><strong>E</strong></span> <span class='ocrx_word' id='word_1_113' title='bbox 460 2765 602 2839; x_wconf 86' lang='lat' dir='ltr'><strong>diverso</strong></span> <span class='ocrx_word' id='word_1_114' title='bbox 618 2790 705 2839; x_wconf 85' lang='lat' dir='ltr'><strong>vero</strong></span> <span class='ocrx_word' id='word_1_115' title='bbox 722 2764 858 2860; x_wconf 84' lang='lat' dir='ltr'><strong>Anglici</strong></span> <span class='ocrx_word' id='word_1_116' title='bbox 874 2790 949 2837; x_wconf 93' lang='lat' dir='ltr'><strong>non</strong></span> <span class='ocrx_word' id='word_1_117' title='bbox 967 2764 1121 2862; x_wconf 89' lang='lat' dir='ltr'><strong>segniter</strong></span> <span class='ocrx_word' id='word_1_118' title='bbox 1137 2764 1245 2838; x_wconf 89' lang='lat' dir='ltr'><strong>rebus</strong></span> <span class='ocrx_word' id='word_1_119' title='bbox 1260 2768 1332 2839; x_wconf 89' lang='lat' dir='ltr'><strong>suis</strong></span> <span class='ocrx_word' id='word_1_120' title='bbox 1348 2792 1430 2867; x_wconf 90' lang='lat' dir='ltr'><strong>pro·</strong></span> <span class='ocrx_word' id='word_1_121' title='bbox 1558 2794 1562 2801; x_wconf 91' lang='lat'>·</span> 
     </span>
    </p>
   </div>
   <div class='ocr_carea' id='block_1_4' title="bbox 369 2879 1425 2980">
    <p class='ocr_par' dir='ltr' id='par_1_4' title="bbox 369 2879 1425 2980">
     <span class='ocr_line' id='line_1_18' title="bbox 369 2879 1425 2980; baseline 0.005 -27"><span class='ocrx_word' id='word_1_122' title='bbox 369 2880 557 2973; x_wconf 84' lang='lat' dir='ltr'><strong>videbant,</strong></span> <span class='ocrx_word' id='word_1_123' title='bbox 577 2881 641 2955; x_wconf 87' lang='lat' dir='ltr'><strong>sed</strong></span> <span class='ocrx_word' id='word_1_124' title='bbox 658 2880 705 2953; x_wconf 86' lang='lat' dir='ltr'><strong>ad</strong></span> <span class='ocrx_word' id='word_1_125' title='bbox 725 2879 959 2980; x_wconf 86' lang='lat' dir='ltr'><strong>praeliandum</strong></span> <span class='ocrx_word' id='word_1_126' title='bbox 979 2882 1073 2953; x_wconf 88' lang='lat' dir='ltr'><strong>acies</strong></span> <span class='ocrx_word' id='word_1_127' title='bbox 1092 2906 1174 2953; x_wconf 88' lang='lat' dir='ltr'><strong>suas</strong></span> <span class='ocrx_word' id='word_1_128' title='bbox 1191 2882 1425 2978; x_wconf 88' lang='lat' dir='ltr'><strong>ordinabant,</strong></span> 
     </span>
    </p>
   </div>
   <div class='ocr_carea' id='block_1_5' title="bbox 369 2996 1433 3668">
    <p class='ocr_par' dir='ltr' id='par_1_5' title="bbox 369 2996 1433 3668">
     <span class='ocr_line' id='line_1_19' title="bbox 369 2996 1431 3101; baseline 0.006 -30"><span class='ocrx_word' id='word_1_129' title='bbox 369 3023 410 3071; x_wconf 81' lang='lat' dir='ltr'><strong>ex</strong></span> <span class='ocrx_word' id='word_1_130' title='bbox 425 2998 527 3070; x_wconf 89' lang='lat' dir='ltr'><strong>terris</strong></span> <span class='ocrx_word' id='word_1_131' title='bbox 543 3022 622 3094; x_wconf 87' lang='lat' dir='ltr'><strong>quae</strong></span> <span class='ocrx_word' id='word_1_132' title='bbox 640 2997 708 3069; x_wconf 90' lang='lat' dir='ltr'><strong>sibi</strong></span> <span class='ocrx_word' id='word_1_133' title='bbox 723 2996 898 3095; x_wconf 88' lang='lat' dir='ltr'><strong>parebant</strong></span> <span class='ocrx_word' id='word_1_134' title='bbox 913 2996 1075 3095; x_wconf 89' lang='lat' dir='ltr'><strong>undique</strong></span> <span class='ocrx_word' id='word_1_135' title='bbox 1092 2998 1206 3096; x_wconf 88' lang='lat' dir='ltr'><strong>copiis</strong></span> <span class='ocrx_word' id='word_1_136' title='bbox 1221 3000 1431 3101; x_wconf 81' lang='lat' dir='ltr'><strong>auxiliisque</strong></span> 
     </span>
     <span class='ocr_line' id='line_1_20' title="bbox 370 3114 1428 3211; baseline 0.002 -22"><span class='ocrx_word' id='word_1_137' title='bbox 370 3115 573 3189; x_wconf 85' lang='lat' dir='ltr'><strong>contractis.</strong></span> <span class='ocrx_word' id='word_1_138' title='bbox 590 3119 674 3187; x_wconf 88' lang='lat' dir='ltr'><strong>Erat</strong></span> <span class='ocrx_word' id='word_1_139' title='bbox 685 3115 794 3187; x_wconf 88' lang='lat' dir='ltr'><strong>totius</strong></span> <span class='ocrx_word' id='word_1_140' title='bbox 813 3115 1007 3211; x_wconf 87' lang='lat' dir='ltr'><strong>imperator</strong></span> <span class='ocrx_word' id='word_1_141' title='bbox 1022 3114 1218 3211; x_wconf 81' lang='lat' dir='ltr'><strong>Anglomm</strong></span> <span class='ocrx_word' id='word_1_142' title='bbox 1235 3119 1428 3207; x_wconf 78' lang='lat' dir='ltr'><strong>exercitus,</strong></span> 
     </span>
     <span class='ocr_line' id='line_1_21' title="bbox 372 3228 1431 3332; baseline 0.003 -28"><span class='ocrx_word' id='word_1_143' title='bbox 372 3256 479 3329; x_wconf 91' lang='lat' dir='ltr'><strong>quem</strong></span> <span class='ocrx_word' id='word_1_144' title='bbox 507 3228 753 3330; x_wconf 78' lang='lat' dir='ltr'><strong>praediximus,</strong></span> <span class='ocrx_word' id='word_1_145' title='bbox 774 3228 987 3301; x_wconf 83' lang='lat' dir='ltr'><strong>Bethlordiae</strong></span> <span class='ocrx_word' id='word_1_146' title='bbox 1013 3228 1106 3319; x_wconf 81' lang='lat' dir='ltr'><strong>dux,</strong></span> <span class='ocrx_word' id='word_1_147' title='bbox 1125 3245 1274 3329; x_wconf 88' lang='lat' dir='ltr'><strong>patruus</strong></span> <span class='ocrx_word' id='word_1_148' title='bbox 1299 3236 1431 3332; x_wconf 69' lang='lat' dir='ltr'><strong>anglo·</strong></span> 
     </span>
     <span class='ocr_line' id='line_1_22' title="bbox 372 3344 1431 3444; baseline 0.003 -25"><span class='ocrx_word' id='word_1_149' title='bbox 372 3372 453 3419; x_wconf 92' lang='lat' dir='ltr'><strong>rum</strong></span> <span class='ocrx_word' id='word_1_150' title='bbox 470 3347 561 3444; x_wconf 89' lang='lat' dir='ltr'><strong>regis</strong></span> <span class='ocrx_word' id='word_1_151' title='bbox 577 3360 614 3419; x_wconf 87' lang='lat' dir='ltr'><strong>et</strong></span> <span class='ocrx_word' id='word_1_152' title='bbox 629 3344 696 3419; x_wconf 88' lang='lat' dir='ltr'><strong>sub</strong></span> <span class='ocrx_word' id='word_1_153' title='bbox 720 3370 764 3417; x_wconf 90' lang='lat' dir='ltr'><strong>eo</strong></span> <span class='ocrx_word' id='word_1_154' title='bbox 780 3344 935 3416; x_wconf 86' lang='lat' dir='ltr'><strong>Franciae</strong></span> <span class='ocrx_word' id='word_1_155' title='bbox 951 3344 1181 3441; x_wconf 89' lang='lat' dir='ltr'><strong>guberuator.</strong></span> <span class='ocrx_word' id='word_1_156' title='bbox 1199 3350 1308 3419; x_wconf 83' lang='lat' dir='ltr'><strong>Erant</strong></span> <span class='ocrx_word' id='word_1_157' title='bbox 1325 3363 1359 3420; x_wconf 91' lang='lat' dir='ltr'><strong>et</strong></span> <span class='ocrx_word' id='word_1_158' title='bbox 1376 3375 1431 3423; x_wconf 88' lang='lat' dir='ltr'><strong>se·</strong></span> 
     </span>
     <span class='ocr_line' id='line_1_23' title="bbox 374 3460 1433 3561; baseline -0.002 -24"><span class='ocrx_word' id='word_1_159' title='bbox 374 3463 459 3537; x_wconf 80' lang='lat' dir='ltr'><strong>cum&#39;</strong></span> <span class='ocrx_word' id='word_1_160' title='bbox 473 3462 669 3561; x_wconf 78' lang='lat' dir='ltr'><strong>Anglorum</strong></span> <span class='ocrx_word' id='word_1_161' title='bbox 693 3460 927 3533; x_wconf 89' lang='lat' dir='ltr'><strong>strenuissimi</strong></span> <span class='ocrx_word' id='word_1_162' title='bbox 943 3460 1055 3532; x_wconf 90' lang='lat' dir='ltr'><strong>duces</strong></span> <span class='ocrx_word' id='word_1_163' title='bbox 1069 3484 1191 3531; x_wconf 89' lang='lat' dir='ltr'><strong>comes</strong></span> <span class='ocrx_word' id='word_1_164' title='bbox 1203 3461 1433 3536; x_wconf 79' lang='lat' dir='ltr'><strong>salisberien-</strong></span> 
     </span>
     <span class='ocr_line' id='line_1_24' title="bbox 375 3574 1433 3668; baseline -0.001 -15"><span class='ocrx_word' id='word_1_165' title='bbox 375 3581 422 3653; x_wconf 88' lang='lat' dir='ltr'><strong>sis</strong></span> <span class='ocrx_word' id='word_1_166' title='bbox 431 3579 645 3653; x_wconf 89' lang='lat' dir='ltr'><strong>etdominus</strong></span> <span class='ocrx_word' id='word_1_167' title='bbox 654 3576 699 3649; x_wconf 88' lang='lat' dir='ltr'><strong>de</strong></span> <span class='ocrx_word' id='word_1_168' title='bbox 712 3574 851 3667; x_wconf 81' lang='lat' dir='ltr'><strong>Talbot,</strong></span> <span class='ocrx_word' id='word_1_169' title='bbox 861 3574 1215 3649; x_wconf 84' lang='lat' dir='ltr'><strong>comesCherosberii</strong></span> <span class='ocrx_word' id='word_1_170' title='bbox 1224 3580 1248 3668; x_wconf 75' lang='lat'><strong>³,</strong></span> <span class='ocrx_word' id='word_1_171' title='bbox 1263 3577 1433 3652; x_wconf 91' lang='lat' dir='ltr'><strong>dominus</strong></span> 
     </span>
    </p>
   </div>
   <div class='ocr_carea' id='block_1_6' title="bbox 376 3760 1440 4734">
    <p class='ocr_par' dir='ltr' id='par_1_6' title="bbox 376 3760 1432 3929">
     <span class='ocr_line' id='line_1_25' title="bbox 417 3760 1432 3840; baseline 0 -16"><span class='ocrx_word' id='word_1_172' title='bbox 417 3768 446 3825; x_wconf 86' lang='lat' dir='ltr'><strong>l.</strong></span> <span class='ocrx_word' id='word_1_173' title='bbox 468 3769 552 3837; x_wconf 86' lang='lat' dir='ltr'><strong>Jean,</strong></span> <span class='ocrx_word' id='word_1_174' title='bbox 564 3763 620 3823; x_wconf 93' lang='lat' dir='ltr'><strong>duc</strong></span> <span class='ocrx_word' id='word_1_175' title='bbox 632 3762 803 3840; x_wconf 75' lang='lat' dir='ltr'><strong>d’llencon,</strong></span> <span class='ocrx_word' id='word_1_176' title='bbox 814 3761 967 3822; x_wconf 71' lang='lat' dir='ltr'><strong>deuxieme</strong></span> <span class='ocrx_word' id='word_1_177' title='bbox 981 3760 1021 3820; x_wconf 91' lang='lat' dir='ltr'><strong>du</strong></span> <span class='ocrx_word' id='word_1_178' title='bbox 1034 3780 1114 3835; x_wconf 85' lang='lat' dir='ltr'><strong>nom,</strong></span> <span class='ocrx_word' id='word_1_179' title='bbox 1130 3763 1432 3835; x_wconf 75' lang='lat' dir='ltr'><strong>etJeand&#39;Harcourt,</strong></span> 
     </span>
     <span class='ocr_line' id='line_1_26' title="bbox 376 3850 894 3929; baseline -0.008 -14"><span class='ocrx_word' id='word_1_180' title='bbox 376 3852 440 3927; x_wconf 69' lang='lat' dir='ltr'><strong>deja</strong></span> <span class='ocrx_word' id='word_1_181' title='bbox 452 3854 617 3915; x_wconf 77' lang='lat' dir='ltr'><strong>mentionne</strong></span> <span class='ocrx_word' id='word_1_182' title='bbox 630 3850 783 3923; x_wconf 76' lang='lat' dir='ltr'><strong>cidessus,</strong></span> <span class='ocrx_word' id='word_1_183' title='bbox 797 3870 828 3929; x_wconf 93' lang='lat' dir='ltr'><strong>p.</strong></span> <span class='ocrx_word' id='word_1_184' title='bbox 845 3854 894 3912; x_wconf 89' lang='lat' dir='ltr'><strong>ll.</strong></span> 
     </span>
    </p>

    <p class='ocr_par' dir='ltr' id='par_1_7' title="bbox 377 3939 1437 4377">
     <span class='ocr_line' id='line_1_27' title="bbox 416 3939 1435 4021; baseline 0.002 -20"><span class='ocrx_word' id='word_1_185' title='bbox 416 3946 446 4006; x_wconf 78' lang='lat'><strong>2.</strong></span> <span class='ocrx_word' id='word_1_186' title='bbox 472 3970 485 3999; x_wconf 74' lang='grc' dir='ltr'>ι</span> <span class='ocrx_word' id='word_1_187' title='bbox 502 3942 574 4003; x_wconf 88' lang='lat' dir='ltr'><strong>L’an</strong></span> <span class='ocrx_word' id='word_1_188' title='bbox 587 3939 743 4021; x_wconf 69' lang='lat' dir='ltr'><strong>precedent</strong></span> <span class='ocrx_word' id='word_1_189' title='bbox 755 3943 857 4015; x_wconf 74' lang='lat'>(1423)</span> <span class='ocrx_word' id='word_1_190' title='bbox 872 3939 995 4001; x_wconf 86' lang='lat' dir='ltr'><strong>estoient</strong></span> <span class='ocrx_word' id='word_1_191' title='bbox 1011 3940 1124 3999; x_wconf 81' lang='lat' dir='ltr'><strong>arrivez</strong></span> <span class='ocrx_word' id='word_1_192' title='bbox 1141 3958 1179 3999; x_wconf 83' lang='lat' dir='ltr'><strong>cn</strong></span> <span class='ocrx_word' id='word_1_193' title='bbox 1193 3942 1303 4000; x_wconf 74' lang='lat' dir='ltr'><strong>Franco</strong></span> <span class='ocrx_word' id='word_1_194' title='bbox 1316 3940 1435 4003; x_wconf 78' lang='lat' dir='ltr'><strong>messim</strong></span> 
     </span>
     <span class='ocr_line' id='line_1_28' title="bbox 377 4028 1437 4111; baseline -0.001 -21"><span class='ocrx_word' id='word_1_195' title='bbox 377 4030 523 4091; x_wconf 72' lang='lat' dir='ltr'><strong>ssrdaulde</strong></span> <span class='ocrx_word' id='word_1_196' title='bbox 533 4031 569 4091; x_wconf 89' lang='lat' dir='ltr'><strong>de</strong></span> <span class='ocrx_word' id='word_1_197' title='bbox 577 4030 750 4111; x_wconf 86' lang='lat' dir='ltr'><strong>Valpergue,</strong></span> <span class='ocrx_word' id='word_1_198' title='bbox 762 4029 880 4089; x_wconf 83' lang='lat' dir='ltr'><strong>messire</strong></span> <span class='ocrx_word' id='word_1_199' title='bbox 888 4032 983 4089; x_wconf 85' lang='lat' dir='ltr'><strong>Borne</strong></span> <span class='ocrx_word' id='word_1_200' title='bbox 997 4028 1034 4087; x_wconf 86' lang='lat' dir='ltr'><strong>dc</strong></span> <span class='ocrx_word' id='word_1_201' title='bbox 1049 4031 1199 4105; x_wconf 80' lang='lat' dir='ltr'><strong>Caqueran</strong></span> <span class='ocrx_word' id='word_1_202' title='bbox 1209 4041 1239 4088; x_wconf 84' lang='lat' dir='ltr'><strong>et</strong></span> <span class='ocrx_word' id='word_1_203' title='bbox 1249 4031 1366 4089; x_wconf 83' lang='lat' dir='ltr'><strong>messirc</strong></span> <span class='ocrx_word' id='word_1_204' title='bbox 1378 4035 1437 4095; x_wconf 83' lang='lat' dir='ltr'><strong>La-</strong></span> 
     </span>
     <span class='ocr_line' id='line_1_29' title="bbox 378 4117 1436 4199; baseline 0.002 -20"><span class='ocrx_word' id='word_1_205' title='bbox 378 4120 448 4199; x_wconf 86' lang='lat' dir='ltr'><strong>quin</strong></span> <span class='ocrx_word' id='word_1_206' title='bbox 461 4121 524 4194; x_wconf 83' lang='lat' dir='ltr'><strong>ltiz,</strong></span> <span class='ocrx_word' id='word_1_207' title='bbox 534 4121 659 4199; x_wconf 85' lang='lat' dir='ltr'><strong>lesquelz</strong></span> <span class='ocrx_word' id='word_1_208' title='bbox 669 4121 718 4197; x_wconf 83' lang='lat' dir='ltr'><strong>luy</strong></span> <span class='ocrx_word' id='word_1_209' title='bbox 730 4119 920 4179; x_wconf 74' lang='lat' dir='ltr'><strong>admendrent</strong></span> <span class='ocrx_word' id='word_1_210' title='bbox 931 4118 968 4178; x_wconf 87' lang='lat' dir='ltr'><strong>de</strong></span> <span class='ocrx_word' id='word_1_211' title='bbox 978 4138 1031 4197; x_wconf 79' lang='lat' dir='ltr'><strong>par</strong></span> <span class='ocrx_word' id='word_1_212' title='bbox 1043 4118 1071 4177; x_wconf 87' lang='lat' dir='ltr'><strong>le</strong></span> <span class='ocrx_word' id='word_1_213' title='bbox 1081 4117 1138 4177; x_wconf 90' lang='lat' dir='ltr'><strong>duc</strong></span> <span class='ocrx_word' id='word_1_214' title='bbox 1149 4118 1186 4179; x_wconf 83' lang='lat' dir='ltr'><strong>de</strong></span> <span class='ocrx_word' id='word_1_215' title='bbox 1206 4118 1294 4177; x_wconf 81' lang='lat' dir='ltr'><strong>Milan</strong></span> <span class='ocrx_word' id='word_1_216' title='bbox 1307 4119 1352 4179; x_wconf 83' lang='lat' dir='ltr'><strong>six</strong></span> <span class='ocrx_word' id='word_1_217' title='bbox 1367 4140 1436 4181; x_wconf 81' lang='lat' dir='ltr'><strong>cens</strong></span> 
     </span>
     <span class='ocr_line' id='line_1_30' title="bbox 378 4204 1436 4287; baseline 0.001 -20"><span class='ocrx_word' id='word_1_218' title='bbox 378 4208 475 4269; x_wconf 84' lang='lat' dir='ltr'><strong>lances</strong></span> <span class='ocrx_word' id='word_1_219' title='bbox 488 4222 517 4268; x_wconf 86' lang='lat' dir='ltr'><strong>et</strong></span> <span class='ocrx_word' id='word_1_220' title='bbox 529 4209 607 4267; x_wconf 88' lang='lat' dir='ltr'><strong>mille</strong></span> <span class='ocrx_word' id='word_1_221' title='bbox 621 4208 752 4267; x_wconf 79' lang='lat' dir='ltr'><strong>hommes</strong></span> <span class='ocrx_word' id='word_1_222' title='bbox 766 4212 781 4265; x_wconf 79' lang='lat' dir='ltr'><strong>l</strong></span> <span class='ocrx_word' id='word_1_223' title='bbox 793 4206 871 4287; x_wconf 90' lang='lat' dir='ltr'><strong>pied.</strong></span> <span class='ocrx_word' id='word_1_224' title='bbox 887 4232 901 4259; x_wconf 71' lang='lat' dir='ltr'><strong>s</strong></span> <span class='ocrx_word' id='word_1_225' title='bbox 917 4206 1025 4267; x_wconf 80' lang='lat' dir='ltr'><strong>chron.</strong></span> <span class='ocrx_word' id='word_1_226' title='bbox 1041 4206 1077 4265; x_wconf 88' lang='lat' dir='ltr'><strong>de</strong></span> <span class='ocrx_word' id='word_1_227' title='bbox 1090 4208 1172 4266; x_wconf 84' lang='lat' dir='ltr'><strong>Berri</strong></span> <span class='ocrx_word' id='word_1_228' title='bbox 1183 4204 1254 4265; x_wconf 80' lang='lat' dir='ltr'><strong>dans</strong></span> <span class='ocrx_word' id='word_1_229' title='bbox 1266 4208 1436 4284; x_wconf 78' lang='lat' dir='ltr'><strong>Gonmor,</strong></span> 
     </span>
     <span class='ocr_line' id='line_1_31' title="bbox 380 4299 903 4377; baseline -0.004 -20"><span class='ocrx_word' id='word_1_230' title='bbox 380 4302 504 4357; x_wconf 80' lang='lat' dir='ltr'><strong>Hlstor&#39;re</strong></span> <span class='ocrx_word' id='word_1_231' title='bbox 514 4301 551 4356; x_wconf 83' lang='lat' dir='ltr'><strong>de</strong></span> <span class='ocrx_word' id='word_1_232' title='bbox 565 4299 682 4358; x_wconf 74' lang='lat' dir='ltr'><strong>Clarus</strong></span> <span class='ocrx_word' id='word_1_233' title='bbox 696 4302 766 4371; x_wconf 88' lang='lat' dir='ltr'><strong>Vll,</strong></span> <span class='ocrx_word' id='word_1_234' title='bbox 785 4316 815 4377; x_wconf 89' lang='lat' dir='ltr'><strong>p.</strong></span> <span class='ocrx_word' id='word_1_235' title='bbox 835 4299 903 4355; x_wconf 74' lang='lat'><strong>370.</strong></span> 
     </span>
    </p>

    <p class='ocr_par' dir='ltr' id='par_1_8' title="bbox 381 4380 1440 4734">
     <span class='ocr_line' id='line_1_32' title="bbox 420 4380 1439 4466; baseline 0 -20"><span class='ocrx_word' id='word_1_236' title='bbox 420 4390 450 4447; x_wconf 83' lang='grc'><strong>3.</strong></span> <span class='ocrx_word' id='word_1_237' title='bbox 471 4386 597 4446; x_wconf 83' lang='lat' dir='ltr'><strong>Thomas</strong></span> <span class='ocrx_word' id='word_1_238' title='bbox 610 4390 776 4466; x_wconf 82' lang='lat' dir='ltr'><strong>llontague,</strong></span> <span class='ocrx_word' id='word_1_239' title='bbox 785 4396 879 4444; x_wconf 88' lang='lat' dir='ltr'><strong>comte</strong></span> <span class='ocrx_word' id='word_1_240' title='bbox 892 4383 928 4443; x_wconf 88' lang='lat' dir='ltr'><strong>de</strong></span> <span class='ocrx_word' id='word_1_241' title='bbox 937 4382 1097 4460; x_wconf 80' lang='lat' dir='ltr'><strong>salisbury,</strong></span> <span class='ocrx_word' id='word_1_242' title='bbox 1106 4394 1136 4442; x_wconf 80' lang='lat' dir='ltr'><strong>et</strong></span> <span class='ocrx_word' id='word_1_243' title='bbox 1147 4380 1213 4440; x_wconf 85' lang='lat' dir='ltr'><strong>lord</strong></span> <span class='ocrx_word' id='word_1_244' title='bbox 1219 4380 1333 4455; x_wconf 83' lang='lat' dir='ltr'><strong>Talbot,</strong></span> <span class='ocrx_word' id='word_1_245' title='bbox 1344 4399 1439 4446; x_wconf 84' lang='lat' dir='ltr'><strong>comte</strong></span> 
     </span>
     <span class='ocr_line' id='line_1_33' title="bbox 381 4471 1440 4555; baseline 0.001 -22"><span class='ocrx_word' id='word_1_246' title='bbox 381 4474 418 4535; x_wconf 89' lang='lat' dir='ltr'><strong>de</strong></span> <span class='ocrx_word' id='word_1_247' title='bbox 444 4473 645 4553; x_wconf 80' lang='lat' dir='ltr'><strong>Shreusbury.</strong></span> <span class='ocrx_word' id='word_1_248' title='bbox 669 4478 805 4534; x_wconf 77' lang='lat' dir='ltr'><strong>L&#39;autcur</strong></span> <span class='ocrx_word' id='word_1_249' title='bbox 826 4473 922 4533; x_wconf 87' lang='lat' dir='ltr'><strong>donne</strong></span> <span class='ocrx_word' id='word_1_250' title='bbox 944 4477 961 4532; x_wconf 79' lang='lat' dir='ltr'><strong>l</strong></span> <span class='ocrx_word' id='word_1_251' title='bbox 980 4492 1014 4533; x_wconf 88' lang='lat' dir='ltr'><strong>ce</strong></span> <span class='ocrx_word' id='word_1_252' title='bbox 1036 4471 1152 4532; x_wconf 84' lang='lat' dir='ltr'><strong>dernier</strong></span> <span class='ocrx_word' id='word_1_253' title='bbox 1175 4490 1355 4555; x_wconf 79' lang='lat' dir='ltr'><strong>personnagc</strong></span> <span class='ocrx_word' id='word_1_254' title='bbox 1381 4495 1440 4534; x_wconf 82' lang='lat' dir='ltr'><strong>nne</strong></span> 
     </span>
     <span class='ocr_line' id='line_1_34' title="bbox 381 4558 1440 4643; baseline -0.003 -20"><span class='ocrx_word' id='word_1_255' title='bbox 381 4562 575 4643; x_wconf 80' lang='lat' dir='ltr'><strong>qualification</strong></span> <span class='ocrx_word' id='word_1_256' title='bbox 586 4563 778 4642; x_wconf 69' lang='lat' dir='ltr'><strong>prematuree.</strong></span> <span class='ocrx_word' id='word_1_257' title='bbox 789 4560 867 4619; x_wconf 89' lang='lat' dir='ltr'><strong>Lord</strong></span> <span class='ocrx_word' id='word_1_258' title='bbox 877 4558 978 4621; x_wconf 81' lang='lat' dir='ltr'><strong>Talbot</strong></span> <span class='ocrx_word' id='word_1_259' title='bbox 993 4580 1031 4619; x_wconf 86' lang='lat' dir='ltr'><strong>nc</strong></span> <span class='ocrx_word' id='word_1_260' title='bbox 1042 4560 1083 4619; x_wconf 81' lang='lat' dir='ltr'><strong>lut</strong></span> <span class='ocrx_word' id='word_1_261' title='bbox 1096 4572 1190 4617; x_wconf 80' lang='lat' dir='ltr'><strong>comte</strong></span> <span class='ocrx_word' id='word_1_262' title='bbox 1202 4559 1239 4618; x_wconf 83' lang='lat' dir='ltr'><strong>dc</strong></span> <span class='ocrx_word' id='word_1_263' title='bbox 1252 4560 1440 4641; x_wconf 77' lang='lat' dir='ltr'><strong>Shrewsbury</strong></span> 
     </span>
     <span class='ocr_line' id='line_1_35' title="bbox 381 4656 574 4734; baseline 0.005 -18"><span class='ocrx_word' id='word_1_264' title='bbox 381 4658 469 4734; x_wconf 86' lang='lat' dir='ltr'><strong>qu’en</strong></span> <span class='ocrx_word' id='word_1_265' title='bbox 483 4656 574 4717; x_wconf 70' lang='lat' dir='ltr'><strong>lm.</strong></span> 
     </span>
    </p>
   </div>
   <div class='ocr_carea' id='block_1_7' title="bbox 460 4760 1302 4820">
    <p class='ocr_par' dir='ltr' id='par_1_9' title="bbox 460 4760 1302 4820">
     <span class='ocr_line' id='line_1_36' title="bbox 460 4760 1302 4820; baseline -0.006 0"><span class='ocrx_word' id='word_1_266' title='bbox 460 4782 473 4820; x_wconf 83' lang='lat' dir='ltr'><strong>t</strong></span> <span class='ocrx_word' id='word_1_267' title='bbox 1282 4760 1302 4815; x_wconf 73' lang='lat' dir='ltr'><strong>l</strong></span> 
     </span>
    </p>
   </div>
   <div class='ocr_carea' id='block_1_8' title="bbox 0 0 1989 5892">
    <p class='ocr_par' dir='ltr' id='par_1_10' title="bbox 0 0 1989 5892">
     <span class='ocr_line' id='line_1_37' title="bbox 0 0 1989 5892; baseline 0 0"><span class='ocrx_word' id='word_1_268' title='bbox 0 0 1989 5892; x_wconf 95' lang='lat' dir='ltr'><strong> </strong></span> 
     </span>
    </p>
   </div>
  </div>
 </body>
</html>
