3892 5892
503 851 560 907 lid
782 848 1039 906 mstolttstttJtt
1058 849 1195 906 cenom
1215 849 1268 905 VII

502 972 677 1047 namentis
687 972 910 1060 infestarent,
923 972 1124 1069 cogitarunt
1136 972 1203 1070 ipsi
1214 970 1349 1045 obsessi
1361 986 1553 1070 quatenus,

502 1096 531 1166 si
551 1108 711 1194 possent,
730 1092 930 1189 Flamingos
952 1117 994 1165 cx
1023 1091 1119 1164 dicta
1147 1091 1349 1164 munitione
1369 1091 1556 1188 ejicerent,

501 1225 635 1283 certam
644 1209 981 1306 nihilominusspem
992 1206 1163 1280 habentes
1171 1206 1217 1279 de
1227 1206 1383 1279 adventu
1392 1208 1558 1305 proximo

502 1325 621 1399 classis
637 1340 743 1423 atque
758 1326 932 1419 exercitus
953 1320 1124 1416 militum,
1140 1324 1223 1419 qui,
1239 1348 1307 1421 pro
1323 1346 1387 1395 sua
1403 1322 1558 1397 subven-

502 1443 600 1514 tione
616 1455 723 1539 atque
741 1438 893 1531 auxilio,
910 1440 949 1509 in
961 1437 1081 1511 littore
1092 1438 1286 1535 Anglicaoo
1303 1438 1554 1540 apparabatur.

502 1556 668 1645 Quodam
696 1556 803 1652 igitur
819 1552 897 1644 die,
919 1578 1003 1627 cum
1025 1553 1267 1652 explorassent
1294 1557 1392 1653 prius
1421 1554 1558 1629 obsessi

502 1671 644 1771 qualem
658 1669 857 1742 custodiam
874 1692 1006 1765 quasve
1022 1668 1155 1766 vigilias
1178 1668 1335 1769 praedicti
1348 1669 1557 1744 Gandeoses

501 1788 537 1857 in
553 1785 646 1857 dicta
662 1809 725 1857 sua
745 1784 975 1857 observarent
991 1785 1208 1873 munitione,
1228 1784 1381 1881 aggressi
1398 1799 1481 1857 sunt
1503 1786 1558 1884 ip·

502 1926 576 1973 sam
594 1901 829 1973 munitionem
841 1898 1055 1998 expugnare.
1072 1898 1124 1973 td
1135 1922 1250 1998 qnam
1267 1925 1304 1971 se
1323 1899 1557 1973 admoventes

502 2030 537 2087 et
561 2014 670 2087 scalas
694 2016 740 2087 ad
764 2040 999 2088 conscensum
1023 2014 1261 2113 applicantes,
1286 2015 1384 2087 nulla
1411 2017 1556 2088 inventa
1655 2074 1660 2081 .

502 2130 715 2219 resistentia,
729 2130 843 2228 ipsam
860 2129 1086 2217 introierunt.
1103 2133 1142 2199 ln
1154 2152 1225 2224 qua
1240 2152 1322 2200 cum
1335 2129 1553 2226 Flamingos,

503 2244 607 2320 nimis
643 2243 688 2315 de
723 2269 786 2316 sua
818 2258 1070 2343 presumentes
1100 2245 1310 2337 securitate,
1342 2247 1558 2320 invenissent

502 2361 590 2435 alios
605 2385 734 2435 somno
752 2361 955 2459 indulgere,
971 2348 1059 2436 alios
1072 2362 1427 2435 commessationibus
1439 2378 1475 2435 et
1490 2388 1556 2461 po·

502 2475 715 2569 tationibus,
745 2479 833 2550 alios
859 2502 943 2548 vero
967 2492 1104 2547 tessere
1127 2477 1183 2548 vel
1208 2477 1292 2549 aleae
1315 2478 1414 2574 J'actu
1440 2478 1554 2549 otium

502 2590 667 2687 effugere,
685 2592 779 2689 ipsos
793 2590 880 2662 nihil
895 2589 1019 2661 talium
1035 2592 1263 2689 suspicantes,
1283 2592 1504 2690 improvidos
1521 2606 1556 2664 et

502 2706 598 2778 velut
613 2707 799 2797 attonitos,
816 2703 996 2801 pecudum
1007 2728 1126 2791 more,
1140 2705 1347 2801 jugularunt
1357 2722 1392 2777 et
1405 2706 1556 2780 obtrun-

502 2835 640 2893 carunt.
661 2820 768 2915 Cujus
784 2818 966 2889 infortunii
990 2834 1075 2891 cum
1097 2818 1191 2891 suma
1209 2820 1326 2890 statim
1351 2820 1555 2917 Flamingo·

501 2960 581 3006 rum
598 2948 710 3007 castra
734 2932 928 3029 implesset,
948 2932 1124 3030 simulque
1150 2934 1256 3005 etiarn
1284 2934 1555 3033 quodquidam

502 3072 545 3121 ex
556 3049 640 3146 ipsis
655 3046 822 3143 Anglicis,
837 3047 1028 3118 scurriliter
1041 3048 1126 3147 ipsis
1134 3050 1323 3145 Flamingis
1331 3049 1552 3144 insultantes,

503 3188 564 3235 eos
583 3162 650 3235 sibi
667 3162 902 3237 venumdatos
916 3177 951 3235 et
969 3164 1079 3261 paulo
1095 3180 1177 3263 post
1191 3165 1386 3240 tradendos
1400 3165 1553 3247 liberan-

503 3279 642 3377 dosque
656 3280 928 3369 acclamassent,
949 3302 1063 3377 pavor
1078 3302 1229 3377 magnus
1250 3280 1486 3377 moestitiaeque
1501 3282 1555 3379 ip-

504 3418 626 3467 sorum
642 3393 906 3493 Flsmingorum
924 3393 1064 3465 animos
1078 3393 1207 3467 affecit.

858 3694 1113 3762 CAPITULUM
1139 3694 1196 3761 tx.

690 3882 834 3953 Quomodo
847 3882 975 3957 flamingi
986 3880 1020 3935 de
1031 3900 1078 3936 sua
1088 3880 1227 3937 obsidione
1237 3884 1368 3955 fugerunta

553 4070 727 4159 Factaque
746 4058 853 4156 vulgo
872 4062 1041 4132 intereos
1064 4059 1349 4133 conclamatione
1364 4075 1400 4143 et
1416 4061 1556 4138 fremitu

505 4210 634 4280 magno
656 4181 756 4280 quod
779 4179 941 4253 hostibus
959 4178 1139 4279 prodendi
1163 4179 1397 4279 tradendique
1420 4198 1554 4273 essent,
1639 4230 1644 4239 ·

503 4324 724 4398 aurumque,
759 4322 831 4397 quo
870 4296 1077 4369 venumdati
1108 4295 1245 4388 forent,
1282 4321 1325 4368 cx
1365 4297 1489 4395 Anglia
1518 4300 1553 4370 in

505 4416 670 4516 proximo
686 4412 804 4487 afferri
822 4410 991 4501 deberet,
1017 4411 1132 4500 illico,
1152 4410 1287 4510 absque
1305 4412 1360 4483 sui
1388 4414 1557 4512 principis

507 4532 616 4625 scitu,
635 4532 703 4628 ¹qui
725 4554 807 4603 cum
833 4530 904 4601 suis
927 4528 1080 4603 Picardis
1105 4552 1255 4601 numero
1281 4530 1402 4628 paucis
1420 4553 1463 4601 ex
1488 4528 1556 4604 alia
