3892 5892
722 925 833 982 amm
854 913 1036 997 comeus.
1342 923 1401 980 aas

346 1043 553 1116 animalium
580 1045 778 1142 tergoribus
803 1060 960 1120 consutae
988 1048 1070 1146 ipsae
1098 1045 1328 1133 bombardae,
1354 1044 1401 1118 ab

346 1159 454 1231 undis
467 1160 613 1232 marinis
629 1161 677 1233 ita
690 1175 961 1260 protegerentur
972 1163 1144 1258 sicoaeque
1160 1174 1397 1250 servarentur,

346 1273 447 1371 quod
458 1297 533 1346 uon
549 1276 669 1348 minus
685 1277 764 1349 usui
778 1277 896 1349 forent
910 1279 1061 1377 quamsi
1073 1279 1108 1348 iu
1124 1275 1224 1349 arida
1237 1290 1272 1348 et
1287 1275 1400 1348 solida

346 1403 438 1461 terra
454 1388 602 1462 luissent
625 1391 836 1464 collocatae¹.
855 1396 977 1491 ltaque
994 1405 1254 1462 tormentorum
1275 1403 1310 1462 et
1326 1389 1399 1486 jac·

346 1517 449 1576 tuum
461 1503 665 1578 assiduitate
678 1521 834 1578 castrum
854 1508 992 1604 ipsum,
1009 1505 1108 1604 quod
1126 1531 1191 1605 per
1206 1517 1291 1577 ante
1305 1505 1401 1576 inex·

345 1616 537 1716 pugnabile
549 1619 749 1715 jactabatur
764 1621 859 1710 fore,
878 1621 924 1696 ad
941 1621 1161 1694 deditionem
1180 1618 1397 1710 laciendum,

347 1733 512 1806 recisiore
522 1758 631 1832 quam
646 1737 752 1808 unius
771 1737 903 1809 mensis
915 1737 1051 1837 spatio,
1070 1735 1301 1808 constrictum
1318 1732 1396 1806 luit.

394 1850 434 1918 ln
455 1871 530 1945 quo
554 1849 731 1948 completa
757 1849 822 1922 luit
844 1851 1066 1948 recuperatio
1089 1850 1198 1922 totius
1224 1853 1399 1920 Norman·

345 1963 428 2054 nim,
444 1979 612 2036 currente
633 1989 732 2037 anno
749 1967 895 2038 Domini
914 1991 1061 2038 uooccn.
1078 2021 1087 2054 ,
1106 1965 1168 2062 qui
1182 1963 1345 2062 jubilaeus
1364 1977 1400 2036 et

344 2077 466 2172 gratiis
486 2077 614 2176 plenus
638 2094 714 2151 erat
739 2080 986 2180 apostolorum
1008 2080 1130 2152 limina
1153 2080 1249 2177 apud
1272 2077 1400 2152 urbem

346 2194 496 2264 Romam
510 2195 651 2264 cunctis
674 2196 816 2266 visitare
833 2193 1048 2266 volentibus.
1068 2198 1156 2282 Qum
1179 2195 1289 2265 totius
1309 2197 1399 2266 Nor·

346 2306 498 2378 manniae
513 2309 735 2406 recuperatio
749 2308 840 2381 inlra
858 2311 964 2381 unius
980 2310 1066 2382 anni
1082 2309 1273 2381 decursum
1290 2323 1400 2408 caepta

345 2435 663 2520 consummataque
678 2425 821 2495 exstitit.
838 2429 940 2496 Facta
949 2425 1046 2496 enim
1061 2424 1127 2495 luit
1137 2421 1272 2494 deditio
1288 2428 1401 2496 Caesa-
1521 2431 1525 2438 '

345 2535 513 2634 ris-Burgi
529 2538 608 2636 ipso
621 2537 681 2610 dic
693 2563 781 2636 quo,
796 2563 893 2612 anno
906 2538 1103 2637 superiore,
1123 2535 1401 2610 Pons-Odomari

344 2651 473 2748 aregio
486 2652 639 2724 exercitu
650 2668 873 2752 expugnatus
884 2653 1116 2753 direptosque
1130 2651 1263 2723 litarat:
1279 2652 1400 2749 inquo

344 2768 452 2840 armis
467 2783 503 2840 et
518 2769 641 2842 castris
660 2769 800 2841 initium
815 2769 943 2842 eadem
957 2781 1152 2865 conquesta
1168 2791 1231 2838 seu
1247 2791 1400 2866 recupe-

343 2885 435 2958 ratio
452 2887 613 2986 sumpsit.
632 2887 729 2959 Licet
748 2887 862 2980 enim,
882 2901 1044 2983 utsupra
1062 2883 1264 2972 retulimus,
1281 2883 1399 2982 aliqua

342 3015 520 3098 perante,
539 3016 618 3100 post
638 2999 776 3100 perfide
798 3000 844 3074 ab
860 3000 979 3097 logiis
994 2999 1126 3072 lactum
1142 3001 1347 3098 captionem
1363 3014 1397 3072 et

342 3113 580 3212 direptionem
598 3117 723 3215 oppidi
739 3115 786 3188 de
806 3116 973 3214 Fulgeriis
990 3116 1025 3186 in
1044 3115 1243 3206 Britannia,
1263 3140 1328 3213 per
1343 3115 1399 3187 in·

342 3226 451 3300 sidias
474 3244 510 3300 et
523 3229 743 3303 vaframento
766 3245 909 3328 recepta
934 3230 1117 3302 luisseuta
1141 3231 1296 3321 Francis,
1323 3253 1398 3302 non

344 3356 463 3415 tamen
476 3342 594 3416 adhuc
606 3342 724 3443 palam
738 3358 940 3441 treugarum
952 3359 1100 3441 ruptura
1110 3341 1286 3416 declarata
1296 3345 1402 3416 exsti·

343 3471 450 3554 terat,
466 3483 535 3530 nec
546 3457 679 3559 oppida
691 3459 809 3557 aliqua
820 3485 883 3532 seu
894 3461 1052 3534 civitates
1063 3459 1215 3531 exercitu
1231 3473 1267 3530 et
1279 3459 1400 3531 castris

383 3654 413 3710 l.
439 3677 453 3702 ι
465 3651 538 3708 Com
550 3647 641 3707 nostri
653 3645 692 3708 ab
705 3659 828 3726 utraque
843 3660 925 3726 parte
937 3645 1087 3706 tormentis
1102 3659 1131 3706 et
1146 3645 1254 3706 insultu
1266 3645 1402 3706 Cetaria-

343 3723 470 3820 Burguin
484 3757 653 3817 expugnare
668 3737 791 3813 vellent,
807 3736 857 3795 di'u
873 3749 903 3795 et
918 3735 1040 3795 multum
1058 3749 1125 3795 ante
1142 3737 1172 3795 in
1190 3734 1279 3796 animi
1291 3747 1402 3794 secreto

341 3829 468 3888 consiliis
480 3826 662 3906 excogitatis,
675 3825 780 3904 quibus
793 3839 956 3905 opportune
968 3823 1115 3884 machinas
1127 3823 1265 3903 adaptare
1273 3835 1401 3903 possent,

341 3931 408 3977 ante
420 3916 638 3996 secaris-Burgi
654 3915 784 3988 vultum,
796 3915 827 3973 in
839 3933 935 3974 arente
948 3933 1064 3994 campo,
1079 3913 1128 3992 qui
1143 3913 1180 3977 de
1196 3912 1244 3973 die
1257 3913 1324 3972 bina
1340 3913 1402 3972 rice

342 4007 475 4066 fluctibus
496 4005 584 4066 maris
601 4004 743 4083 operitur,
765 4003 886 4063 solidam
904 4003 967 4064 solo
986 4002 1165 4082 adequatam
1188 4002 1297 4062 silicem
1319 4019 1403 4080 repe·

343 4095 435 4167 riaint3
450 4111 538 4173 supra
552 4112 651 4172 qoam,
666 4093 783 4174 egregia
795 4105 825 4152 et
839 4092 933 4151 invisa
945 4092 1064 4160 astutia,
1078 4089 1214 4172 magister
1227 4088 1399 4168 Gyraudus,

343 4181 381 4241 ad
402 4181 596 4241 fulminandus
610 4181 687 4240 villae
705 4201 821 4252 muros,
839 4180 930 4240 latere
945 4179 1041 4259 pelagi
1060 4193 1147 4240 tenue
1164 4178 1289 4238 munitos
1305 4177 1400 4255 (quod

343 4275 438 4330 eaor
452 4291 512 4330 non
534 4270 774 4344 animadvertit),
794 4268 948 4348 quamdam
966 4267 1156 4328 bombardam
1175 4279 1241 4346 apte
1259 4279 1288 4327 et
1309 4267 1401 4326 forma

342 4361 437 4440 sagaci
450 4357 583 4433 collocat,
599 4372 629 4418 et
640 4358 678 4418 ad
692 4379 724 4418 se
736 4357 975 4438 cooperiendum,
985 4369 1105 4437 propter
1116 4356 1262 4416 hostilium
1276 4355 1398 4416 telorum
1471 4400 1474 4413 .

338 4450 460 4526 jactum,
469 4467 507 4506 ex
516 4446 600 4505 doliis
612 4448 643 4506 in
658 4467 747 4507 unum
757 4445 907 4522 catenatis,
916 4445 1084 4506 mantellum
1097 4445 1248 4505 construit.
1265 4469 1277 4500 ι
1290 4443 1405 4503 Robert

342 4533 478 4607 Blondel,
493 4534 512 4591 Ι.
530 4537 581 4606 lv,
597 4553 624 4592 c.
637 4553 743 4594 uvaia.

382 4625 413 4683 2.
435 4625 474 4682 ta
489 4623 559 4681 aodt
574 4623 664 4680 atto.
