3892 5892
503 872 562 931 rso
787 838 1043 949 summust
1063 868 1198 930 ersom
1217 866 1271 927 vu

504 997 627 1072 tritum
641 996 828 1066 communi
844 1006 1011 1067 sermone
1031 991 1129 1077 velut
1149 988 1380 1091 proverbium
1399 1012 1463 1091 per
1477 994 1562 1065 Gal-

505 1110 590 1183 liam
616 1124 715 1201 erat,
742 1109 909 1182 infelices·
922 1108 1064 1207 nuptias
1088 1120 1123 1179 et
1151 1107 1324 1179 infaustos
1354 1106 1560 1205 hymenaeos

445 1255 450 1267 ·
503 1211 604 1325 apud
635 1250 786 1321 regnum
825 1223 956 1331 Angliae
986 1221 1075 1295 filias
1107 1224 1261 1297 Franciae
1290 1248 1391 1322 paerre
1418 1248 1560 1323 semper

505 1341 610 1413 luisse
640 1355 822 1440 expertas,
858 1336 1059 1435 exindeque
1093 1363 1203 1436 regno
1228 1341 1382 1412 Franciae
1414 1363 1559 1436 magnas

506 1456 718 1554 provenisse
735 1452 971 1546 calamitates,
991 1477 1093 1545 cum,
1108 1452 1359 1553 hujuscemodi
1374 1456 1558 1550 conjugio·

504 1571 588 1646 rum
605 1584 774 1669 protextu
785 1561 851 1660 ,ad
863 1569 1254 1667 imperiumGalliarum
1270 1575 1559 1668 Francorumque

494 1694 661 1784 'regnum
675 1686 734 1781 jus
754 1710 791 1757 se
807 1685 939 1757 habere
958 1710 1058 1782 reges
1072 1686 1202 1784 sngliae
1218 1684 1508 1785 protenderint,
1524 1700 1561 1757 et

506 1802 626 1874 adhuc
642 1800 689 1872 de
703 1798 775 1873 lr'oc
790 1805 1031 1874 cumFrancis
1047 1799 1278 1883 contendant.
1298 1788 1562 1899 cognoscentes

506 1919 595 1989 vero
615 1920 812 2006 Renatum,
823 1917 948 1990 Sicilia
970 1942 1111 2019 regem,
1127 1918 1306 1991 sororium
1318 1918 1436 1991 Caroli
1450 1922 1562 1991 Frau-

442 2027 445 2032 ’
506 2056 632 2104 corum
645 2032 743 2135 regis,
753 2032 880 2131 (ipsius
895 2034 992 2105 enim
1007 2038 1167 2117 sororem
1182 2032 1279 2107 idem
1294 2033 1442 2105 Carolus
1453 2030 1561 2107 habe·

507 2147 574 2220 bat
589 2151 780 2242 uxorem),
800 2146 1058 2221 haberefiliam
1075 2142 1192 2248 specie
1213 2164 1248 2222 et
1263 2149 1377 2223 forma
1394 2163 1561 2248 prestan-

509 2277 600 2355 tem,
624 2288 705 2361 quae
729 2278 807 2335 tum
836 2293 855 2333 «
873 2278 1011 2337 matura
1033 2265 1111 2337 viro
1132 2264 1223 2337 soret
1239 2278 1277 2335 'et
1299 2264 1414 2363 plenis
1431 2262 1562 2336 nubilis

508 2378 612 2452 anuis
633 2410 674 2472 n,
692 2378 739 2453 ad
760 2379 1012 2479 requirendam
1034 2404 1114 2454 eam
1131 2379 1292 2453 animum
1317 2378 1558 2461 intenderunt.

846 2622 1101 2697 clrrrttLtJM
1120 2629 1203 2696 ·XX.

507 2808 798 2889 Qualiterlbiargareta,
810 2810 865 2863 lilia
875 2810 980 2878 limati,
992 2808 1085 2865 Sicilin
1099 2810 1176 2883 regis,
1188 2809 1347 2883 desponsata
1358 2808 1407 2863 luit
1418 2812 1562 2883 Anglornm

593 2902 664 2973 regi,
678 2913 704 2955 et
716 2919 777 2953 cum
788 2901 842 2954 hoc
852 2911 950 2971 treugis
961 2901 1035 2955 lectu
1049 2900 1199 2972 interreges
1210 2900 1327 2954 Francia
1339 2914 1364 2955 et
1376 2900 1484 2972 Angli».

558 3064 672 3160 Super
687 3085 760 3158 quo
785 3061 1018 3135 tractantibus
1036 3061 1146 3158 longo
1173 3075 1336 3161 tempore
1363 3086 1446 3135 curu
1463 3076 1564 3162 patre

507 3179 655 3278 puello,
694 3201 776 3276 rege
825 3177 970 3271 Sicilire,
1004 3178 1298 3277 andegavomm‚
1330 3178 1564 3275 lotharingiae

507 3306 615 3391 atque
641 3294 866 3367 Barrensium
887 3294 982 3392 duce
1007 3309 1043 3367 et
1057 3295 1200 3371 comite
1227 3293 1441 3383 Provincia,
1459 3292 1563 3364 simul

508 3410 618 3483 etiam
634 3436 717 3484 cum
735 3412 816 3511 ipso
841 3434 922 3507 rege
938 3410 1314 3507 FrancorumCarolo,
1333 3408 1476 3497 habitis,
1496 3408 1564 3507 ipsi

510 3528 708 3624 bogiorum
730 3527 834 3623 legati
858 3525 905 3599 de
931 3526 1097 3599 ineundis
1122 3526 1273 3623 treugis,
1300 3510 1369 3596 ¹sub
1385 3550 1448 3625 spe
1469 3524 1565 3623 pacis

514 3642 762 3735 conciliandae,
782 3643 890 3715 etiam
911 3665 1115 3715 sermonem
1139 3654 1368 3741 aperuerunt.
1386 3640 1564 3713 Videbant

510 3760 607 3831 enim
626 3756 785 3856 anglici,
806 3772 844 3829 ut
858 3758 1026 3843 diximus,
1049 3776 1130 3831 suas
1145 3772 1263 3859 partes
1279 3757 1470 3831 debiliores
1489 3758 1563 3830 die·

511 3890 617 3947 tenus
634 3874 711 3967 fieri
726 3872 1121 3971 instruendumque
1136 3874 1208 3947 illic
1222 3874 1412 3973 imperium
1420 3896 1565 3969 vergere

510 3993 549 4063 in
571 3992 712 4075 ruinam
727 3987 943 4084 totalemque
960 3987 1213 4081 delectionem,
1238 3990 1307 4090 nisi
1328 3990 1395 4063 sibi
1410 3990 1456 4061 de
1467 3988 1566 4089 pacis

511 4106 568 4204 vel
588 4120 718 4203 treugae
733 4103 891 4178 remedio
908 4104 1148 4203 providerent.
1167 4110 1242 4179 Hac
1256 4108 1391 4209 quippe
1405 4109 1463 4179 via
1477 4104 1566 4178 aesti-

512 4236 703 4307 maverunt
717 4222 850 4294 ruentis
871 4219 1061 4295 adversum
1083 4245 1121 4295 se
1142 4218 1292 4295 torrunae
1312 4224 1485 4322 impetum
1503 4222 1566 4293 sis-

512 4326 592 4412 tere
599 4394 609 4427 ,
625 4354 662 4412 et
677 4337 795 4412 adhuc
811 4339 942 4437 quteiu
953 4338 1172 4412 Normannia
1186 4337 1244 4412 vel
1257 4339 1442 4438 Aquitania
1456 4336 1567 4437 possi·

512 4455 665 4548 debant,
682 4479 821 4530 servare
836 4478 951 4556 posse.

563 4574 644 4643 llaec
662 4588 781 4646 autem
803 4587 969 4673 apertura
990 4584 1120 4668 tre'ugae
1144 4585 1251 4673 atque
1265 4574 1363 4673 pacis
1377 4574 1482 4647 etium
1498 4565 1564 4671 ipsi
