<?xml version="1.0" encoding="UTF-8"?>
<!DOCTYPE html PUBLIC "-//W3C//DTD XHTML 1.0 Transitional//EN"
    "http://www.w3.org/TR/xhtml1/DTD/xhtml1-transitional.dtd">
<html xmlns="http://www.w3.org/1999/xhtml" xml:lang="en" lang="en">
 <head>
  <title>
</title>
<meta http-equiv="Content-Type" content="text/html;charset=utf-8" />
  <meta name='ocr-system' content='tesseract 3.04.00' />
  <meta name='ocr-capabilities' content='ocr_page ocr_carea ocr_par ocr_line ocrx_word'/>
</head>
<body>
  <div class='ocr_page' id='page_1' title='image "./histoiredesrgne01amelgoog_0315.png"; bbox 0 0 3892 5892; ppageno 0'>
   <div class='ocr_carea' id='block_1_1' title="bbox 752 902 1429 966">
    <p class='ocr_par' dir='ltr' id='par_1_1' title="bbox 752 902 1429 966">
     <span class='ocr_line' id='line_1_1' title="bbox 752 902 1429 966; baseline 0.006 -5"><span class='ocrx_word' id='word_1_1' title='bbox 752 903 862 961; x_wconf 80' lang='lat' dir='ltr'>LIBER</span> <span class='ocrx_word' id='word_1_2' title='bbox 881 902 1045 964; x_wconf 82' lang='lat' dir='ltr'><strong>TERTIUS.</strong></span> <span class='ocrx_word' id='word_1_3' title='bbox 1371 908 1429 966; x_wconf 78' lang='lat' dir='ltr'><strong>tlt</strong></span> 
     </span>
    </p>
   </div>
   <div class='ocr_carea' id='block_1_2' title="bbox 374 1024 1511 4702">
    <p class='ocr_par' dir='ltr' id='par_1_2' title="bbox 375 1024 1432 3195">
     <span class='ocr_line' id='line_1_2' title="bbox 378 1024 1429 1117; baseline 0.002 -16"><span class='ocrx_word' id='word_1_4' title='bbox 378 1028 544 1101; x_wconf 80' lang='lat' dir='ltr'><strong>aerumnis</strong></span> <span class='ocrx_word' id='word_1_5' title='bbox 570 1024 723 1117; x_wconf 82' lang='lat' dir='ltr'><strong>alllictoe,</strong></span> <span class='ocrx_word' id='word_1_6' title='bbox 750 1026 822 1097; x_wconf 87' lang='lat' dir='ltr'><strong>nlla</strong></span> <span class='ocrx_word' id='word_1_7' title='bbox 845 1025 1089 1099; x_wconf 74' lang='lat' dir='ltr'>subventionis</span> <span class='ocrx_word' id='word_1_8' title='bbox 1113 1024 1237 1099; x_wconf 85' lang='lat' dir='ltr'><strong>solatia</strong></span> <span class='ocrx_word' id='word_1_9' title='bbox 1251 1026 1429 1103; x_wconf 86' lang='lat' dir='ltr'><strong>ministra·</strong></span> 
     </span>
     <span class='ocr_line' id='line_1_3' title="bbox 378 1136 1430 1238; baseline 0 -23"><span class='ocrx_word' id='word_1_10' title='bbox 378 1141 452 1215; x_wconf 89' lang='lat' dir='ltr'><strong>bat.</strong></span> <span class='ocrx_word' id='word_1_11' title='bbox 474 1136 578 1214; x_wconf 86' lang='lat' dir='ltr'><strong>Unde</strong></span> <span class='ocrx_word' id='word_1_12' title='bbox 594 1140 759 1215; x_wconf 85' lang='lat' dir='ltr'><strong>ellectum</strong></span> <span class='ocrx_word' id='word_1_13' title='bbox 776 1156 829 1213; x_wconf 89' lang='lat' dir='ltr'><strong>est</strong></span> <span class='ocrx_word' id='word_1_14' title='bbox 854 1156 895 1213; x_wconf 92' lang='lat' dir='ltr'><strong>ut</strong></span> <span class='ocrx_word' id='word_1_15' title='bbox 918 1140 1019 1213; x_wconf 88' lang='lat' dir='ltr'><strong>brevi</strong></span> <span class='ocrx_word' id='word_1_16' title='bbox 1035 1152 1197 1238; x_wconf 85' lang='lat' dir='ltr'><strong>tempore</strong></span> <span class='ocrx_word' id='word_1_17' title='bbox 1217 1140 1278 1215; x_wconf 90' lang='lat' dir='ltr'><strong>illa</strong></span> <span class='ocrx_word' id='word_1_18' title='bbox 1299 1142 1430 1216; x_wconf 88' lang='lat' dir='ltr'><strong>nobilis</strong></span> 
     </span>
     <span class='ocr_line' id='line_1_4' title="bbox 378 1250 1429 1356; baseline 0.002 -27"><span class='ocrx_word' id='word_1_19' title='bbox 378 1255 562 1356; x_wconf 88' lang='lat' dir='ltr'><strong>quondam</strong></span> <span class='ocrx_word' id='word_1_20' title='bbox 589 1256 723 1355; x_wconf 82' lang='lat' dir='ltr'><strong>patria,</strong></span> <span class='ocrx_word' id='word_1_21' title='bbox 744 1250 887 1356; x_wconf 86' lang='lat' dir='ltr'><strong>populis</strong></span> <span class='ocrx_word' id='word_1_22' title='bbox 910 1270 1017 1353; x_wconf 89' lang='lat' dir='ltr'><strong>atque</strong></span> <span class='ocrx_word' id='word_1_23' title='bbox 1046 1254 1177 1327; x_wconf 90' lang='lat' dir='ltr'><strong>divitiis</strong></span> <span class='ocrx_word' id='word_1_24' title='bbox 1196 1255 1429 1331; x_wconf 85' lang='lat' dir='ltr'><strong>abundantis·</strong></span> 
     </span>
     <span class='ocr_line' id='line_1_5' title="bbox 377 1356 1427 1467; baseline 0.002 -22"><span class='ocrx_word' id='word_1_25' title='bbox 377 1372 485 1463; x_wconf 89' lang='lat' dir='ltr'><strong>sima,</strong></span> <span class='ocrx_word' id='word_1_26' title='bbox 509 1373 547 1443; x_wconf 89' lang='lat' dir='ltr'><strong>iu</strong></span> <span class='ocrx_word' id='word_1_27' title='bbox 564 1372 708 1445; x_wconf 89' lang='lat' dir='ltr'><strong>totalem</strong></span> <span class='ocrx_word' id='word_1_28' title='bbox 727 1373 923 1445; x_wconf 86' lang='lat' dir='ltr'><strong>vastitatem</strong></span> <span class='ocrx_word' id='word_1_29' title='bbox 946 1385 1052 1467; x_wconf 89' lang='lat' dir='ltr'><strong>atque</strong></span> <span class='ocrx_word' id='word_1_30' title='bbox 1077 1356 1335 1445; x_wconf 71' lang='lat' dir='ltr'><strong>desolationem</strong></span> <span class='ocrx_word' id='word_1_31' title='bbox 1358 1374 1427 1447; x_wconf 90' lang='lat' dir='ltr'><strong>de·</strong></span> 
     </span>
     <span class='ocr_line' id='line_1_6' title="bbox 377 1485 1432 1585; baseline 0.001 -26"><span class='ocrx_word' id='word_1_32' title='bbox 377 1487 597 1579; x_wconf 82' lang='lat' dir='ltr'><strong>volveretur,</strong></span> <span class='ocrx_word' id='word_1_33' title='bbox 617 1486 759 1559; x_wconf 91' lang='lat' dir='ltr'><strong>incultis</strong></span> <span class='ocrx_word' id='word_1_34' title='bbox 787 1501 822 1559; x_wconf 87' lang='lat' dir='ltr'><strong>et</strong></span> <span class='ocrx_word' id='word_1_35' title='bbox 844 1485 1013 1585; x_wconf 86' lang='lat' dir='ltr'>squalidis</span> <span class='ocrx_word' id='word_1_36' title='bbox 1031 1486 1161 1559; x_wconf 90' lang='lat' dir='ltr'><strong>relictis</strong></span> <span class='ocrx_word' id='word_1_37' title='bbox 1175 1487 1344 1560; x_wconf 87' lang='lat' dir='ltr'><strong>omnibus</strong></span> <span class='ocrx_word' id='word_1_38' title='bbox 1363 1489 1432 1561; x_wconf 90' lang='lat' dir='ltr'><strong>illis</strong></span> 
     </span>
     <span class='ocr_line' id='line_1_7' title="bbox 376 1601 1430 1701; baseline 0.002 -26"><span class='ocrx_word' id='word_1_39' title='bbox 376 1603 582 1675; x_wconf 90' lang='lat' dir='ltr'><strong>vastissimis</strong></span> <span class='ocrx_word' id='word_1_40' title='bbox 598 1603 702 1701; x_wconf 79' lang='lat' dir='ltr'><strong>agris.</strong></span> <span class='ocrx_word' id='word_1_41' title='bbox 722 1606 846 1674; x_wconf 84' lang='lat' dir='ltr'><strong>Fames</strong></span> <span class='ocrx_word' id='word_1_42' title='bbox 866 1601 961 1673; x_wconf 90' lang='lat' dir='ltr'><strong>euim</strong></span> <span class='ocrx_word' id='word_1_43' title='bbox 980 1617 1079 1674; x_wconf 91' lang='lat' dir='ltr'><strong>tanta</strong></span> <span class='ocrx_word' id='word_1_44' title='bbox 1099 1618 1226 1676; x_wconf 88' lang='lat' dir='ltr'><strong>ettam</strong></span> <span class='ocrx_word' id='word_1_45' title='bbox 1240 1602 1375 1698; x_wconf 85' lang='lat' dir='ltr'><strong>valida,</strong></span> <span class='ocrx_word' id='word_1_46' title='bbox 1394 1620 1430 1677; x_wconf 90' lang='lat' dir='ltr'><strong>et</strong></span> 
     </span>
     <span class='ocr_line' id='line_1_8' title="bbox 377 1715 1429 1818; baseline 0.004 -29"><span class='ocrx_word' id='word_1_47' title='bbox 377 1742 459 1789; x_wconf 91' lang='lat' dir='ltr'><strong>cum</strong></span> <span class='ocrx_word' id='word_1_48' title='bbox 495 1742 536 1790; x_wconf 88' lang='lat' dir='ltr'><strong>ea</strong></span> <span class='ocrx_word' id='word_1_49' title='bbox 566 1718 734 1818; x_wconf 86' lang='lat' dir='ltr'><strong>pestilera</strong></span> <span class='ocrx_word' id='word_1_50' title='bbox 757 1717 833 1788; x_wconf 87' lang='lat' dir='ltr'><strong>lues</strong></span> <span class='ocrx_word' id='word_1_51' title='bbox 859 1717 898 1786; x_wconf 91' lang='lat' dir='ltr'><strong>in</strong></span> <span class='ocrx_word' id='word_1_52' title='bbox 925 1715 993 1788; x_wconf 90' lang='lat' dir='ltr'><strong>illis</strong></span> <span class='ocrx_word' id='word_1_53' title='bbox 1014 1720 1198 1817; x_wconf 81' lang='lat' dir='ltr'><strong>potissime</strong></span> <span class='ocrx_word' id='word_1_54' title='bbox 1222 1718 1353 1792; x_wconf 87' lang='lat' dir='ltr'><strong>linibus</strong></span> <span class='ocrx_word' id='word_1_55' title='bbox 1375 1745 1429 1794; x_wconf 86' lang='lat' dir='ltr'><strong>se·</strong></span> 
     </span>
     <span class='ocr_line' id='line_1_9' title="bbox 376 1830 1427 1929; baseline 0.002 -24"><span class='ocrx_word' id='word_1_56' title='bbox 376 1848 467 1905; x_wconf 86' lang='lat' dir='ltr'><strong>cutae</strong></span> <span class='ocrx_word' id='word_1_57' title='bbox 488 1846 590 1925; x_wconf 90' lang='lat' dir='ltr'><strong>sunt,</strong></span> <span class='ocrx_word' id='word_1_58' title='bbox 610 1848 649 1906; x_wconf 91' lang='lat' dir='ltr'><strong>nt</strong></span> <span class='ocrx_word' id='word_1_59' title='bbox 667 1832 759 1906; x_wconf 88' lang='lat' dir='ltr'><strong>ultra</strong></span> <span class='ocrx_word' id='word_1_60' title='bbox 781 1831 935 1904; x_wconf 77' lang='lat' dir='ltr'><strong>ducenta</strong></span> <span class='ocrx_word' id='word_1_61' title='bbox 957 1830 1068 1905; x_wconf 87' lang='lat' dir='ltr'><strong>millia</strong></span> <span class='ocrx_word' id='word_1_62' title='bbox 1092 1835 1293 1907; x_wconf 87' lang='lat' dir='ltr'><strong>animarum</strong></span> <span class='ocrx_word' id='word_1_63' title='bbox 1311 1833 1427 1929; x_wconf 83' lang='lat' dir='ltr'><strong>ferro,</strong></span> 
     </span>
     <span class='ocr_line' id='line_1_10' title="bbox 377 1944 1430 2047; baseline 0.001 -27"><span class='ocrx_word' id='word_1_64' title='bbox 377 1946 470 2021; x_wconf 85' lang='lat' dir='ltr'><strong>lame</strong></span> <span class='ocrx_word' id='word_1_65' title='bbox 484 1964 519 2021; x_wconf 94' lang='lat' dir='ltr'><strong>et</strong></span> <span class='ocrx_word' id='word_1_66' title='bbox 535 1948 617 2022; x_wconf 87' lang='lat' dir='ltr'><strong>tabe</strong></span> <span class='ocrx_word' id='word_1_67' title='bbox 634 1948 824 2045; x_wconf 87' lang='lat' dir='ltr'><strong>absumpta</strong></span> <span class='ocrx_word' id='word_1_68' title='bbox 841 1944 941 2020; x_wconf 84' lang='lat' dir='ltr'><strong>brevi</strong></span> <span class='ocrx_word' id='word_1_69' title='bbox 960 1948 1131 2047; x_wconf 88' lang='lat' dir='ltr'><strong>temporis</strong></span> <span class='ocrx_word' id='word_1_70' title='bbox 1147 1948 1332 2021; x_wconf 89' lang='lat' dir='ltr'><strong>intervallo</strong></span> <span class='ocrx_word' id='word_1_71' title='bbox 1343 1951 1430 2021; x_wconf 82' lang='lat' dir='ltr'><strong>aesti-</strong></span> 
     </span>
     <span class='ocr_line' id='line_1_11' title="bbox 377 2060 1429 2161; baseline 0 -24"><span class='ocrx_word' id='word_1_72' title='bbox 377 2064 468 2137; x_wconf 88' lang='lat' dir='ltr'><strong>mari</strong></span> <span class='ocrx_word' id='word_1_73' title='bbox 490 2064 683 2161; x_wconf 89' lang='lat' dir='ltr'><strong>potuerint.</strong></span> <span class='ocrx_word' id='word_1_74' title='bbox 709 2061 809 2134; x_wconf 86' lang='lat' dir='ltr'><strong>Multi</strong></span> <span class='ocrx_word' id='word_1_75' title='bbox 823 2085 910 2133; x_wconf 89' lang='lat' dir='ltr'><strong>vero</strong></span> <span class='ocrx_word' id='word_1_76' title='bbox 933 2060 981 2134; x_wconf 89' lang='lat' dir='ltr'><strong>ad</strong></span> <span class='ocrx_word' id='word_1_77' title='bbox 1000 2061 1155 2136; x_wconf 88' lang='lat' dir='ltr'><strong>diversas</strong></span> <span class='ocrx_word' id='word_1_78' title='bbox 1170 2079 1281 2137; x_wconf 86' lang='lat' dir='ltr'><strong>terras</strong></span> <span class='ocrx_word' id='word_1_79' title='bbox 1302 2066 1339 2136; x_wconf 95' lang='lat' dir='ltr'><strong>in</strong></span> <span class='ocrx_word' id='word_1_80' title='bbox 1356 2064 1429 2137; x_wconf 90' lang='lat' dir='ltr'><strong>dis·</strong></span> 
     </span>
     <span class='ocr_line' id='line_1_12' title="bbox 376 2176 1430 2277; baseline 0.004 -28"><span class='ocrx_word' id='word_1_81' title='bbox 376 2178 581 2277; x_wconf 90' lang='lat' dir='ltr'><strong>persionem</strong></span> <span class='ocrx_word' id='word_1_82' title='bbox 609 2176 799 2266; x_wconf 87' lang='lat' dir='ltr'><strong>abierunt,</strong></span> <span class='ocrx_word' id='word_1_83' title='bbox 820 2200 973 2273; x_wconf 91' lang='lat' dir='ltr'><strong>quorum</strong></span> <span class='ocrx_word' id='word_1_84' title='bbox 997 2176 1128 2273; x_wconf 85' lang='lat' dir='ltr'><strong>plures,</strong></span> <span class='ocrx_word' id='word_1_85' title='bbox 1159 2202 1243 2249; x_wconf 88' lang='lat' dir='ltr'><strong>curn</strong></span> <span class='ocrx_word' id='word_1_86' title='bbox 1270 2180 1361 2252; x_wconf 83' lang='lat' dir='ltr'><strong>freto</strong></span> <span class='ocrx_word' id='word_1_87' title='bbox 1390 2206 1430 2253; x_wconf 91' lang='lat' dir='ltr'><strong>se</strong></span> 
     </span>
     <span class='ocr_line' id='line_1_13' title="bbox 379 2289 1430 2387; baseline 0.002 -23"><span class='ocrx_word' id='word_1_88' title='bbox 379 2292 642 2365; x_wconf 84' lang='lat' dir='ltr'><strong>committerent</strong></span> <span class='ocrx_word' id='word_1_89' title='bbox 663 2304 721 2381; x_wconf 91' lang='lat' dir='ltr'><strong>ut,</strong></span> <span class='ocrx_word' id='word_1_90' title='bbox 741 2289 795 2363; x_wconf 91' lang='lat' dir='ltr'><strong>vel</strong></span> <span class='ocrx_word' id='word_1_91' title='bbox 819 2290 858 2362; x_wconf 85' lang='lat' dir='ltr'><strong>in</strong></span> <span class='ocrx_word' id='word_1_92' title='bbox 880 2292 1096 2363; x_wconf 78' lang='lat' dir='ltr'><strong>Britanniam</strong></span> <span class='ocrx_word' id='word_1_93' title='bbox 1113 2294 1348 2387; x_wconf 72' lang='lat' dir='ltr'><strong>armoricam,</strong></span> <span class='ocrx_word' id='word_1_94' title='bbox 1372 2295 1430 2367; x_wconf 92' lang='lat' dir='ltr'><strong>vel</strong></span> 
     </span>
     <span class='ocr_line' id='line_1_14' title="bbox 377 2404 1429 2502; baseline 0.002 -23"><span class='ocrx_word' id='word_1_95' title='bbox 377 2409 415 2479; x_wconf 92' lang='lat' dir='ltr'><strong>in</strong></span> <span class='ocrx_word' id='word_1_96' title='bbox 439 2407 604 2502; x_wconf 82' lang='lat' dir='ltr'><strong>Angliam</strong></span> <span class='ocrx_word' id='word_1_97' title='bbox 627 2406 834 2497; x_wconf 90' lang='lat' dir='ltr'><strong>transvecti,</strong></span> <span class='ocrx_word' id='word_1_98' title='bbox 856 2404 1031 2477; x_wconf 82' lang='lat' dir='ltr'><strong>infelicem</strong></span> <span class='ocrx_word' id='word_1_99' title='bbox 1054 2406 1188 2478; x_wconf 85' lang='lat' dir='ltr'><strong>rictum</strong></span> <span class='ocrx_word' id='word_1_100' title='bbox 1211 2409 1370 2481; x_wconf 85' lang='lat' dir='ltr'><strong>servituti</strong></span> <span class='ocrx_word' id='word_1_101' title='bbox 1390 2432 1429 2481; x_wconf 91' lang='lat' dir='ltr'><strong>se</strong></span> 
     </span>
     <span class='ocr_line' id='line_1_15' title="bbox 377 2518 1430 2620; baseline -0.001 -26"><span class='ocrx_word' id='word_1_102' title='bbox 377 2520 582 2595; x_wconf 90' lang='lat' dir='ltr'><strong>addicendo</strong></span> <span class='ocrx_word' id='word_1_103' title='bbox 602 2521 827 2615; x_wconf 82' lang='lat' dir='ltr'><strong>invenirent,</strong></span> <span class='ocrx_word' id='word_1_104' title='bbox 844 2520 901 2593; x_wconf 91' lang='lat' dir='ltr'><strong>vel</strong></span> <span class='ocrx_word' id='word_1_105' title='bbox 919 2518 1079 2620; x_wconf 86' lang='lat' dir='ltr'><strong>absorpti</strong></span> <span class='ocrx_word' id='word_1_106' title='bbox 1095 2535 1179 2593; x_wconf 89' lang='lat' dir='ltr'><strong>sunt</strong></span> <span class='ocrx_word' id='word_1_107' title='bbox 1193 2520 1285 2593; x_wconf 88' lang='lat' dir='ltr'><strong>inter</strong></span> <span class='ocrx_word' id='word_1_108' title='bbox 1302 2522 1430 2593; x_wconf 84' lang='lat' dir='ltr'><strong>fluctus</strong></span> 
     </span>
     <span class='ocr_line' id='line_1_16' title="bbox 377 2634 1431 2733; baseline -0.001 -25"><span class='ocrx_word' id='word_1_109' title='bbox 377 2636 555 2728; x_wconf 86' lang='lat' dir='ltr'><strong>marinos,</strong></span> <span class='ocrx_word' id='word_1_110' title='bbox 580 2634 637 2709; x_wconf 88' lang='lat' dir='ltr'><strong>rel</strong></span> <span class='ocrx_word' id='word_1_111' title='bbox 667 2660 710 2709; x_wconf 82' lang='lat' dir='ltr'><strong>ex</strong></span> <span class='ocrx_word' id='word_1_112' title='bbox 735 2635 899 2733; x_wconf 75' lang='lat' dir='ltr'><strong>contagio</strong></span> <span class='ocrx_word' id='word_1_113' title='bbox 921 2634 1102 2706; x_wconf 89' lang='lat' dir='ltr'><strong>sociorum</strong></span> <span class='ocrx_word' id='word_1_114' title='bbox 1119 2659 1210 2731; x_wconf 90' lang='lat' dir='ltr'><strong>quos</strong></span> <span class='ocrx_word' id='word_1_115' title='bbox 1229 2635 1305 2732; x_wconf 84' lang='lat' dir='ltr'><strong>jam</strong></span> <span class='ocrx_word' id='word_1_116' title='bbox 1323 2636 1431 2733; x_wconf 86' lang='lat' dir='ltr'><strong>pestis</strong></span> 
     </span>
     <span class='ocr_line' id='line_1_17' title="bbox 378 2750 1430 2850; baseline -0.001 -26"><span class='ocrx_word' id='word_1_117' title='bbox 378 2753 562 2844; x_wconf 82' lang='lat' dir='ltr'><strong>infecerat,</strong></span> <span class='ocrx_word' id='word_1_118' title='bbox 583 2754 721 2826; x_wconf 85' lang='lat' dir='ltr'><strong>animas</strong></span> <span class='ocrx_word' id='word_1_119' title='bbox 747 2750 930 2850; x_wconf 87' lang='lat' dir='ltr'><strong>ponebant</strong></span> <span class='ocrx_word' id='word_1_120' title='bbox 948 2752 1068 2822; x_wconf 85' lang='lat' dir='ltr'><strong>statim</strong></span> <span class='ocrx_word' id='word_1_121' title='bbox 1088 2776 1170 2823; x_wconf 89' lang='lat' dir='ltr'><strong>cum</strong></span> <span class='ocrx_word' id='word_1_122' title='bbox 1187 2752 1296 2849; x_wconf 81' lang='lat' dir='ltr'><strong>petita</strong></span> <span class='ocrx_word' id='word_1_123' title='bbox 1310 2750 1430 2823; x_wconf 88' lang='lat' dir='ltr'><strong>littora</strong></span> 
     </span>
     <span class='ocr_line' id='line_1_18' title="bbox 375 2866 1429 2965; baseline 0 -24"><span class='ocrx_word' id='word_1_124' title='bbox 375 2868 582 2965; x_wconf 81' lang='lat' dir='ltr'><strong>attigissent.</strong></span> <span class='ocrx_word' id='word_1_125' title='bbox 610 2872 662 2941; x_wconf 87' lang='lat' dir='ltr'><strong>lta</strong></span> <span class='ocrx_word' id='word_1_126' title='bbox 688 2866 835 2939; x_wconf 88' lang='lat' dir='ltr'><strong>miseros</strong></span> <span class='ocrx_word' id='word_1_127' title='bbox 861 2866 939 2939; x_wconf 89' lang='lat' dir='ltr'><strong>illos</strong></span> <span class='ocrx_word' id='word_1_128' title='bbox 961 2866 1134 2965; x_wconf 90' lang='lat' dir='ltr'><strong>populos,</strong></span> <span class='ocrx_word' id='word_1_129' title='bbox 1153 2890 1228 2939; x_wconf 94' lang='lat' dir='ltr'><strong>uon</strong></span> <span class='ocrx_word' id='word_1_130' title='bbox 1253 2866 1371 2941; x_wconf 92' lang='lat' dir='ltr'><strong>solum</strong></span> <span class='ocrx_word' id='word_1_131' title='bbox 1390 2868 1429 2941; x_wconf 92' lang='lat' dir='ltr'><strong>in</strong></span> 
     </span>
     <span class='ocr_line' id='line_1_19' title="bbox 375 2982 1426 3082; baseline 0 -26"><span class='ocrx_word' id='word_1_132' title='bbox 375 2986 485 3057; x_wconf 85' lang='lat' dir='ltr'><strong>natali</strong></span> <span class='ocrx_word' id='word_1_133' title='bbox 501 2983 597 3076; x_wconf 89' lang='lat' dir='ltr'><strong>solo,</strong></span> <span class='ocrx_word' id='word_1_134' title='bbox 613 2983 675 3057; x_wconf 91' lang='lat' dir='ltr'><strong>sed</strong></span> <span class='ocrx_word' id='word_1_135' title='bbox 691 2998 727 3057; x_wconf 87' lang='lat' dir='ltr'><strong>et</strong></span> <span class='ocrx_word' id='word_1_136' title='bbox 741 3006 969 3082; x_wconf 90' lang='lat' dir='ltr'><strong>quocumque</strong></span> <span class='ocrx_word' id='word_1_137' title='bbox 985 3006 1023 3055; x_wconf 87' lang='lat' dir='ltr'><strong>se</strong></span> <span class='ocrx_word' id='word_1_138' title='bbox 1034 2982 1195 3055; x_wconf 80' lang='lat' dir='ltr'><strong>conferre</strong></span> <span class='ocrx_word' id='word_1_139' title='bbox 1211 2996 1426 3080; x_wconf 84' lang='lat' dir='ltr'><strong>satagerent,</strong></span> 
     </span>
     <span class='ocr_line' id='line_1_20' title="bbox 375 3096 984 3195; baseline -0.003 -24"><span class='ocrx_word' id='word_1_140' title='bbox 375 3096 491 3171; x_wconf 91' lang='lat' dir='ltr'><strong>luctus</strong></span> <span class='ocrx_word' id='word_1_141' title='bbox 508 3114 544 3175; x_wconf 88' lang='lat' dir='ltr'><strong>ct</strong></span> <span class='ocrx_word' id='word_1_142' title='bbox 559 3099 714 3173; x_wconf 87' lang='lat' dir='ltr'><strong>lamenta</strong></span> <span class='ocrx_word' id='word_1_143' title='bbox 731 3098 984 3195; x_wconf 88' lang='lat' dir='ltr'><strong>sequebantur.</strong></span> 
     </span>
    </p>

    <p class='ocr_par' dir='ltr' id='par_1_3' title="bbox 374 3214 1511 4702">
     <span class='ocr_line' id='line_1_21' title="bbox 425 3214 1430 3311; baseline 0.006 -24"><span class='ocrx_word' id='word_1_144' title='bbox 425 3214 623 3288; x_wconf 82' lang='lat' dir='ltr'><strong>Miserabile</strong></span> <span class='ocrx_word' id='word_1_145' title='bbox 639 3230 715 3288; x_wconf 88' lang='lat' dir='ltr'><strong>erat</strong></span> <span class='ocrx_word' id='word_1_146' title='bbox 731 3228 817 3286; x_wconf 90' lang='lat' dir='ltr'><strong>tunc</strong></span> <span class='ocrx_word' id='word_1_147' title='bbox 833 3214 955 3286; x_wconf 83' lang='lat' dir='ltr'><strong>videre</strong></span> <span class='ocrx_word' id='word_1_148' title='bbox 980 3218 1160 3311; x_wconf 85' lang='lat' dir='ltr'><strong>egentium</strong></span> <span class='ocrx_word' id='word_1_149' title='bbox 1186 3233 1223 3289; x_wconf 92' lang='lat' dir='ltr'><strong>et</strong></span> <span class='ocrx_word' id='word_1_150' title='bbox 1244 3220 1430 3293; x_wconf 89' lang='lat' dir='ltr'><strong>mendico·</strong></span> 
     </span>
     <span class='ocr_line' id='line_1_22' title="bbox 377 3320 1430 3432; baseline 0.005 -31"><span class='ocrx_word' id='word_1_151' title='bbox 377 3354 458 3403; x_wconf 90' lang='lat' dir='ltr'><strong>rum</strong></span> <span class='ocrx_word' id='word_1_152' title='bbox 475 3332 659 3428; x_wconf 89' lang='lat' dir='ltr'><strong>utriusque</strong></span> <span class='ocrx_word' id='word_1_153' title='bbox 683 3354 787 3403; x_wconf 85' lang='lat' dir='ltr'><strong>sexus</strong></span> <span class='ocrx_word' id='word_1_154' title='bbox 803 3344 961 3401; x_wconf 87' lang='lat' dir='ltr'><strong>catervas</strong></span> <span class='ocrx_word' id='word_1_155' title='bbox 978 3344 1015 3401; x_wconf 87' lang='lat' dir='ltr'><strong>et</strong></span> <span class='ocrx_word' id='word_1_156' title='bbox 1031 3330 1194 3402; x_wconf 91' lang='lat' dir='ltr'><strong>cumulos</strong></span> <span class='ocrx_word' id='word_1_157' title='bbox 1216 3357 1282 3429; x_wconf 88' lang='lat' dir='ltr'><strong>per</strong></span> <span class='ocrx_word' id='word_1_158' title='bbox 1296 3320 1430 3432; x_wconf 82' lang='lat' dir='ltr'><strong>plateas</strong></span> 
     </span>
     <span class='ocr_line' id='line_1_23' title="bbox 374 3444 1430 3545; baseline 0.002 -24"><span class='ocrx_word' id='word_1_159' title='bbox 374 3463 411 3521; x_wconf 86' lang='lat' dir='ltr'><strong>et</strong></span> <span class='ocrx_word' id='word_1_160' title='bbox 436 3447 625 3545; x_wconf 87' lang='lat' dir='ltr'><strong>hospitalia</strong></span> <span class='ocrx_word' id='word_1_161' title='bbox 648 3445 744 3520; x_wconf 89' lang='lat' dir='ltr'><strong>urbis</strong></span> <span class='ocrx_word' id='word_1_162' title='bbox 763 3444 1075 3539; x_wconf 79' lang='lat' dir='ltr'><strong>liothomagensis,</strong></span> <span class='ocrx_word' id='word_1_163' title='bbox 1093 3460 1130 3518; x_wconf 91' lang='lat' dir='ltr'><strong>et</strong></span> <span class='ocrx_word' id='word_1_164' title='bbox 1145 3446 1363 3543; x_wconf 83' lang='lat' dir='ltr'><strong>singularum</strong></span> <span class='ocrx_word' id='word_1_165' title='bbox 1379 3451 1430 3523; x_wconf 91' lang='lat' dir='ltr'><strong>ci·</strong></span> 
     </span>
     <span class='ocr_line' id='line_1_24' title="bbox 376 3546 1511 3661; baseline 0.001 -28"><span class='ocrx_word' id='word_1_166' title='bbox 376 3562 527 3633; x_wconf 90' lang='lat' dir='ltr'><strong>vitatum</strong></span> <span class='ocrx_word' id='word_1_167' title='bbox 545 3576 579 3633; x_wconf 88' lang='lat' dir='ltr'><strong>et</strong></span> <span class='ocrx_word' id='word_1_168' title='bbox 598 3559 818 3659; x_wconf 87' lang='lat' dir='ltr'><strong>oppidorum</strong></span> <span class='ocrx_word' id='word_1_169' title='bbox 844 3560 950 3631; x_wconf 90' lang='lat' dir='ltr'><strong>totius</strong></span> <span class='ocrx_word' id='word_1_170' title='bbox 966 3564 1208 3653; x_wconf 79' lang='lat' dir='ltr'><strong>Normanniae,</strong></span> <span class='ocrx_word' id='word_1_171' title='bbox 1233 3560 1364 3659; x_wconf 91' lang='lat' dir='ltr'><strong>quibus</strong></span> <span class='ocrx_word' id='word_1_172' title='bbox 1380 3564 1430 3661; x_wconf 92' lang='lat' dir='ltr'><strong>pii</strong></span> <span class='ocrx_word' id='word_1_173' title='bbox 1500 3546 1511 3557; x_wconf 59' lang='grc'><strong>’</strong></span> 
     </span>
     <span class='ocr_line' id='line_1_25' title="bbox 376 3664 1433 3775; baseline 0 -26"><span class='ocrx_word' id='word_1_174' title='bbox 376 3676 471 3749; x_wconf 89' lang='lat' dir='ltr'><strong>cives</strong></span> <span class='ocrx_word' id='word_1_175' title='bbox 489 3690 525 3747; x_wconf 90' lang='lat' dir='ltr'><strong>et</strong></span> <span class='ocrx_word' id='word_1_176' title='bbox 540 3664 707 3766; x_wconf 85' lang='lat' dir='ltr'><strong>liumani,</strong></span> <span class='ocrx_word' id='word_1_177' title='bbox 738 3700 805 3775; x_wconf 90' lang='lat' dir='ltr'><strong>pro</strong></span> <span class='ocrx_word' id='word_1_178' title='bbox 831 3676 1008 3748; x_wconf 91' lang='lat' dir='ltr'><strong>concessis</strong></span> <span class='ocrx_word' id='word_1_179' title='bbox 1032 3674 1101 3748; x_wconf 89' lang='lat' dir='ltr'><strong>sibi</strong></span> <span class='ocrx_word' id='word_1_180' title='bbox 1125 3676 1370 3765; x_wconf 77' lang='lat' dir='ltr'><strong>facultatibus,</strong></span> <span class='ocrx_word' id='word_1_181' title='bbox 1392 3692 1433 3749; x_wconf 90' lang='lat' dir='ltr'><strong>ut</strong></span> 
     </span>
     <span class='ocr_line' id='line_1_26' title="bbox 378 3790 1432 3891; baseline 0.002 -30"><span class='ocrx_word' id='word_1_182' title='bbox 378 3791 504 3864; x_wconf 90' lang='lat' dir='ltr'><strong>melius</strong></span> <span class='ocrx_word' id='word_1_183' title='bbox 519 3805 705 3891; x_wconf 89' lang='lat' dir='ltr'><strong>poterant,</strong></span> <span class='ocrx_word' id='word_1_184' title='bbox 725 3790 918 3865; x_wconf 88' lang='lat' dir='ltr'><strong>studebant</strong></span> <span class='ocrx_word' id='word_1_185' title='bbox 930 3790 1141 3884; x_wconf 86' lang='lat' dir='ltr'><strong>subvenire,</strong></span> <span class='ocrx_word' id='word_1_186' title='bbox 1163 3806 1240 3863; x_wconf 88' lang='lat' dir='ltr'><strong>tum</strong></span> <span class='ocrx_word' id='word_1_187' title='bbox 1256 3816 1341 3864; x_wconf 90' lang='lat' dir='ltr'><strong>cum</strong></span> <span class='ocrx_word' id='word_1_188' title='bbox 1357 3791 1432 3863; x_wconf 84' lang='lat' dir='ltr'><strong>fru-</strong></span> 
     </span>
     <span class='ocr_line' id='line_1_27' title="bbox 375 3904 1432 4005; baseline 0 -28"><span class='ocrx_word' id='word_1_189' title='bbox 375 3906 487 3979; x_wconf 88' lang='lat' dir='ltr'><strong>menti</strong></span> <span class='ocrx_word' id='word_1_190' title='bbox 504 3906 654 4005; x_wconf 90' lang='lat' dir='ltr'><strong>penuria</strong></span> <span class='ocrx_word' id='word_1_191' title='bbox 672 3922 707 3981; x_wconf 88' lang='lat' dir='ltr'><strong>et</strong></span> <span class='ocrx_word' id='word_1_192' title='bbox 723 3930 876 3981; x_wconf 79' lang='lat' dir='ltr'><strong>annonae</strong></span> <span class='ocrx_word' id='word_1_193' title='bbox 891 3905 1050 3994; x_wconf 88' lang='lat' dir='ltr'><strong>caristia,</strong></span> <span class='ocrx_word' id='word_1_194' title='bbox 1068 3904 1117 3978; x_wconf 92' lang='lat' dir='ltr'><strong>ob</strong></span> <span class='ocrx_word' id='word_1_195' title='bbox 1133 3907 1249 3979; x_wconf 90' lang='lat' dir='ltr'><strong>cultus</strong></span> <span class='ocrx_word' id='word_1_196' title='bbox 1263 3928 1432 4001; x_wconf 85' lang='lat' dir='ltr'><strong>agrorum</strong></span> 
     </span>
     <span class='ocr_line' id='line_1_28' title="bbox 378 4018 1432 4121; baseline 0 -28"><span class='ocrx_word' id='word_1_197' title='bbox 378 4018 639 4115; x_wconf 88' lang='lat' dir='ltr'><strong>desertionem,</strong></span> <span class='ocrx_word' id='word_1_198' title='bbox 659 4022 822 4095; x_wconf 79' lang='lat' dir='ltr'><strong>maximae</strong></span> <span class='ocrx_word' id='word_1_199' title='bbox 834 4035 968 4109; x_wconf 88' lang='lat' dir='ltr'><strong>essent,</strong></span> <span class='ocrx_word' id='word_1_200' title='bbox 986 4022 1037 4093; x_wconf 89' lang='lat' dir='ltr'><strong>ita</strong></span> <span class='ocrx_word' id='word_1_201' title='bbox 1051 4038 1093 4093; x_wconf 93' lang='lat' dir='ltr'><strong>ut</strong></span> <span class='ocrx_word' id='word_1_202' title='bbox 1106 4022 1180 4094; x_wconf 88' lang='lat' dir='ltr'><strong>suis</strong></span> <span class='ocrx_word' id='word_1_203' title='bbox 1198 4022 1353 4121; x_wconf 86' lang='lat' dir='ltr'><strong>propriis</strong></span> <span class='ocrx_word' id='word_1_204' title='bbox 1367 4046 1432 4095; x_wconf 91' lang='lat' dir='ltr'><strong>ne·</strong></span> 
     </span>
     <span class='ocr_line' id='line_1_29' title="bbox 377 4134 1432 4234; baseline 0.004 -31"><span class='ocrx_word' id='word_1_205' title='bbox 377 4136 600 4210; x_wconf 81' lang='lat' dir='ltr'><strong>cessitatibus</strong></span> <span class='ocrx_word' id='word_1_206' title='bbox 625 4136 829 4211; x_wconf 88' lang='lat' dir='ltr'><strong>evincendis</strong></span> <span class='ocrx_word' id='word_1_207' title='bbox 844 4137 960 4232; x_wconf 84' lang='lat' dir='ltr'><strong>major</strong></span> <span class='ocrx_word' id='word_1_208' title='bbox 974 4146 1057 4234; x_wconf 79' lang='lat' dir='ltr'><strong>pars</strong></span> <span class='ocrx_word' id='word_1_209' title='bbox 1076 4138 1136 4208; x_wconf 81' lang='lat' dir='ltr'><strong>vix</strong></span> <span class='ocrx_word' id='word_1_210' title='bbox 1151 4134 1340 4208; x_wconf 81' lang='lat' dir='ltr'><strong>sufficeret.</strong></span> <span class='ocrx_word' id='word_1_211' title='bbox 1361 4136 1432 4224; x_wconf 89' lang='lat' dir='ltr'><strong>Qui</strong></span> 
     </span>
     <span class='ocr_line' id='line_1_30' title="bbox 386 4246 1431 4353; baseline 0.002 -32"><span class='ocrx_word' id='word_1_212' title='bbox 386 4246 665 4325; x_wconf 84' lang='lat' dir='ltr'><strong>abundantiores</strong></span> <span class='ocrx_word' id='word_1_213' title='bbox 683 4251 812 4353; x_wconf 91' lang='lat' dir='ltr'><strong>opibus</strong></span> <span class='ocrx_word' id='word_1_214' title='bbox 834 4264 952 4341; x_wconf 87' lang='lat' dir='ltr'><strong>erant,</strong></span> <span class='ocrx_word' id='word_1_215' title='bbox 976 4263 1081 4323; x_wconf 86' lang='lat' dir='ltr'><strong>tantae</strong></span> <span class='ocrx_word' id='word_1_216' title='bbox 1098 4250 1346 4323; x_wconf 87' lang='lat' dir='ltr'><strong>mendicorum</strong></span> <span class='ocrx_word' id='word_1_217' title='bbox 1362 4274 1431 4323; x_wconf 86' lang='lat' dir='ltr'><strong>nu·</strong></span> 
     </span>
     <span class='ocr_line' id='line_1_31' title="bbox 383 4367 1433 4443; baseline 0.003 -7"><span class='ocrx_word' id='word_1_218' title='bbox 383 4367 576 4439; x_wconf 86' lang='lat' dir='ltr'><strong>merositati</strong></span> <span class='ocrx_word' id='word_1_219' title='bbox 605 4370 752 4443; x_wconf 89' lang='lat' dir='ltr'><strong>minime</strong></span> <span class='ocrx_word' id='word_1_220' title='bbox 778 4367 1013 4441; x_wconf 82' lang='lat' dir='ltr'><strong>sufficiebant.</strong></span> <span class='ocrx_word' id='word_1_221' title='bbox 1034 4367 1243 4441; x_wconf 83' lang='lat' dir='ltr'><strong>Caedebatur</strong></span> <span class='ocrx_word' id='word_1_222' title='bbox 1268 4369 1365 4441; x_wconf 89' lang='lat' dir='ltr'><strong>enim</strong></span> <span class='ocrx_word' id='word_1_223' title='bbox 1396 4381 1433 4440; x_wconf 88' lang='lat' dir='ltr'><strong>et</strong></span> 
     </span>
     <span class='ocr_line' id='line_1_32' title="bbox 383 4480 1433 4579; baseline 0.004 -28"><span class='ocrx_word' id='word_1_224' title='bbox 383 4480 585 4577; x_wconf 82' lang='lat' dir='ltr'><strong>gravissime</strong></span> <span class='ocrx_word' id='word_1_225' title='bbox 601 4484 821 4579; x_wconf 84' lang='lat' dir='ltr'><strong>affligebatur</strong></span> <span class='ocrx_word' id='word_1_226' title='bbox 833 4498 907 4555; x_wconf 90' lang='lat' dir='ltr'><strong>tota</strong></span> <span class='ocrx_word' id='word_1_227' title='bbox 919 4484 1018 4579; x_wconf 83' lang='lat' dir='ltr'><strong>regio</strong></span> <span class='ocrx_word' id='word_1_228' title='bbox 1034 4484 1139 4556; x_wconf 90' lang='lat' dir='ltr'><strong>simul</strong></span> <span class='ocrx_word' id='word_1_229' title='bbox 1155 4482 1269 4556; x_wconf 88' lang='lat' dir='ltr'><strong>tribus</strong></span> <span class='ocrx_word' id='word_1_230' title='bbox 1285 4482 1353 4557; x_wconf 87' lang='lat' dir='ltr'><strong>illis</strong></span> <span class='ocrx_word' id='word_1_231' title='bbox 1364 4484 1433 4556; x_wconf 86' lang='lat' dir='ltr'><strong>vir·</strong></span> 
     </span>
     <span class='ocr_line' id='line_1_33' title="bbox 376 4596 1429 4702; baseline 0.004 -33"><span class='ocrx_word' id='word_1_232' title='bbox 376 4596 428 4695; x_wconf 85' lang='lat' dir='ltr'><strong>gis</strong></span> <span class='ocrx_word' id='word_1_233' title='bbox 439 4620 502 4671; x_wconf 87' lang='lat' dir='ltr'><strong>seu</strong></span> <span class='ocrx_word' id='word_1_234' title='bbox 519 4596 664 4693; x_wconf 81' lang='lat' dir='ltr'><strong>flagellis</strong></span> <span class='ocrx_word' id='word_1_235' title='bbox 678 4598 976 4696; x_wconf 81' lang='lat' dir='ltr'><strong>divinrejustitiae,</strong></span> <span class='ocrx_word' id='word_1_236' title='bbox 993 4624 1137 4697; x_wconf 87' lang='lat' dir='ltr'><strong>guerra,</strong></span> <span class='ocrx_word' id='word_1_237' title='bbox 1154 4600 1247 4675; x_wconf 85' lang='lat' dir='ltr'><strong>lame</strong></span> <span class='ocrx_word' id='word_1_238' title='bbox 1263 4615 1299 4675; x_wconf 90' lang='lat' dir='ltr'><strong>et</strong></span> <span class='ocrx_word' id='word_1_239' title='bbox 1311 4614 1429 4702; x_wconf 88' lang='lat' dir='ltr'><strong>peste,</strong></span> 
     </span>
    </p>
   </div>
   <div class='ocr_carea' id='block_1_3' title="bbox 0 0 1951 5892">
    <p class='ocr_par' dir='ltr' id='par_1_4' title="bbox 0 0 1951 5892">
     <span class='ocr_line' id='line_1_34' title="bbox 0 0 1951 5892; baseline 0 0"><span class='ocrx_word' id='word_1_240' title='bbox 0 0 1951 5892; x_wconf 95' lang='lat' dir='ltr'><strong> </strong></span> 
     </span>
    </p>
   </div>
  </div>
 </body>
</html>
