<?xml version="1.0" encoding="UTF-8"?>
<!DOCTYPE html PUBLIC "-//W3C//DTD XHTML 1.0 Transitional//EN"
    "http://www.w3.org/TR/xhtml1/DTD/xhtml1-transitional.dtd">
<html xmlns="http://www.w3.org/1999/xhtml" xml:lang="en" lang="en">
 <head>
  <title>
</title>
<meta http-equiv="Content-Type" content="text/html;charset=utf-8" />
  <meta name='ocr-system' content='tesseract 3.04.00' />
  <meta name='ocr-capabilities' content='ocr_page ocr_carea ocr_par ocr_line ocrx_word'/>
</head>
<body>
  <div class='ocr_page' id='page_1' title='image "./histoiredesrgne01amelgoog_0229.png"; bbox 0 0 3892 5892; ppageno 0'>
   <div class='ocr_carea' id='block_1_1' title="bbox 744 892 1404 953">
    <p class='ocr_par' dir='ltr' id='par_1_1' title="bbox 744 892 1404 953">
     <span class='ocr_line' id='line_1_1' title="bbox 744 892 1404 953; baseline 0 -2"><span class='ocrx_word' id='word_1_1' title='bbox 744 892 854 951; x_wconf 80' lang='lat' dir='ltr'>LIBER</span> <span class='ocrx_word' id='word_1_2' title='bbox 873 894 1024 953; x_wconf 79' lang='lat' dir='ltr'>PRIMUS.</span> <span class='ocrx_word' id='word_1_3' title='bbox 1367 894 1404 951; x_wconf 77' lang='grc'>33</span> 
     </span>
    </p>
   </div>
   <div class='ocr_carea' id='block_1_2' title="bbox 346 1011 1412 4128">
    <p class='ocr_par' dir='ltr' id='par_1_2' title="bbox 346 1011 1409 1687">
     <span class='ocr_line' id='line_1_2' title="bbox 347 1011 1404 1109; baseline 0.004 -24"><span class='ocrx_word' id='word_1_4' title='bbox 347 1011 517 1109; x_wconf 81' lang='lat' dir='ltr'><strong>solymis,</strong></span> <span class='ocrx_word' id='word_1_5' title='bbox 545 1038 628 1087; x_wconf 90' lang='lat' dir='ltr'>cum</span> <span class='ocrx_word' id='word_1_6' title='bbox 658 1039 680 1087; x_wconf 90' lang='lat' dir='ltr'>a</span> <span class='ocrx_word' id='word_1_7' title='bbox 704 1018 949 1089; x_wconf 83' lang='lat' dir='ltr'>Romanorum</span> <span class='ocrx_word' id='word_1_8' title='bbox 974 1018 1131 1091; x_wconf 81' lang='lat' dir='ltr'>exercitu</span> <span class='ocrx_word' id='word_1_9' title='bbox 1166 1015 1404 1108; x_wconf 78' lang='lat' dir='ltr'>obsideretur,</span> 
     </span>
     <span class='ocr_line' id='line_1_3' title="bbox 347 1126 1408 1227; baseline 0.005 -26"><span class='ocrx_word' id='word_1_10' title='bbox 347 1126 473 1201; x_wconf 86' lang='lat' dir='ltr'>eadem</span> <span class='ocrx_word' id='word_1_11' title='bbox 494 1152 596 1227; x_wconf 81' lang='lat' dir='ltr'>paene</span> <span class='ocrx_word' id='word_1_12' title='bbox 610 1126 746 1221; x_wconf 81' lang='lat' dir='ltr'>clades,</span> <span class='ocrx_word' id='word_1_13' title='bbox 767 1144 842 1202; x_wconf 93' lang='lat' dir='ltr'>tum</span> <span class='ocrx_word' id='word_1_14' title='bbox 860 1156 902 1204; x_wconf 84' lang='lat' dir='ltr'>ex</span> <span class='ocrx_word' id='word_1_15' title='bbox 919 1132 1032 1220; x_wconf 81' lang='lat' dir='ltr'>fame,</span> <span class='ocrx_word' id='word_1_16' title='bbox 1057 1146 1134 1203; x_wconf 89' lang='lat' dir='ltr'>tum</span> <span class='ocrx_word' id='word_1_17' title='bbox 1158 1155 1200 1203; x_wconf 83' lang='lat' dir='ltr'>er</span> <span class='ocrx_word' id='word_1_18' title='bbox 1218 1130 1408 1207; x_wconf 85' lang='lat' dir='ltr'>subsecuta</span> 
     </span>
     <span class='ocr_line' id='line_1_4' title="bbox 346 1242 1409 1345; baseline 0.006 -31"><span class='ocrx_word' id='word_1_19' title='bbox 346 1242 431 1315; x_wconf 90' lang='lat' dir='ltr'>inde</span> <span class='ocrx_word' id='word_1_20' title='bbox 446 1244 635 1316; x_wconf 83' lang='lat' dir='ltr'>saevissimu</span> <span class='ocrx_word' id='word_1_21' title='bbox 649 1260 761 1345; x_wconf 89' lang='lat' dir='ltr'>peste,</span> <span class='ocrx_word' id='word_1_22' title='bbox 781 1244 876 1318; x_wconf 87' lang='lat' dir='ltr'>banc</span> <span class='ocrx_word' id='word_1_23' title='bbox 897 1245 1023 1318; x_wconf 85' lang='lat' dir='ltr'>urbem</span> <span class='ocrx_word' id='word_1_24' title='bbox 1036 1244 1192 1319; x_wconf 76' lang='lat' dir='ltr'>affecerit</span> <span class='ocrx_word' id='word_1_25' title='bbox 1210 1260 1316 1345; x_wconf 87' lang='lat' dir='ltr'>atque</span> <span class='ocrx_word' id='word_1_26' title='bbox 1333 1270 1409 1319; x_wconf 85' lang='lat' dir='ltr'>vas·</span> 
     </span>
     <span class='ocr_line' id='line_1_5' title="bbox 348 1359 1409 1461; baseline 0.002 -30"><span class='ocrx_word' id='word_1_27' title='bbox 348 1359 486 1452; x_wconf 78' lang='lat' dir='ltr'>raverit,</span> <span class='ocrx_word' id='word_1_28' title='bbox 507 1360 566 1432; x_wconf 74' lang='lat' dir='ltr'>«si</span> <span class='ocrx_word' id='word_1_29' title='bbox 578 1360 780 1458; x_wconf 86' lang='lat' dir='ltr'>parvalicet</span> <span class='ocrx_word' id='word_1_30' title='bbox 793 1383 1012 1461; x_wconf 89' lang='lat' dir='ltr'>componere</span> <span class='ocrx_word' id='word_1_31' title='bbox 1028 1362 1176 1457; x_wconf 89' lang='lat' dir='ltr'>magnis.</span> <span class='ocrx_word' id='word_1_32' title='bbox 1195 1390 1214 1429; x_wconf 76' lang='lat' dir='ltr'>n</span> <span class='ocrx_word' id='word_1_33' title='bbox 1231 1366 1409 1435; x_wconf 82' lang='lat' dir='ltr'><strong>Feruntur</strong></span> 
     </span>
     <span class='ocr_line' id='line_1_6' title="bbox 347 1473 1409 1576; baseline 0.004 -29"><span class='ocrx_word' id='word_1_34' title='bbox 347 1475 444 1547; x_wconf 92' lang='lat' dir='ltr'>enim</span> <span class='ocrx_word' id='word_1_35' title='bbox 464 1473 668 1565; x_wconf 85' lang='lat' dir='ltr'>obsidione,</span> <span class='ocrx_word' id='word_1_36' title='bbox 693 1474 784 1550; x_wconf 82' lang='lat' dir='ltr'>lame</span> <span class='ocrx_word' id='word_1_37' title='bbox 805 1476 959 1575; x_wconf 87' lang='lat' dir='ltr'>tabeque</span> <span class='ocrx_word' id='word_1_38' title='bbox 973 1477 1180 1576; x_wconf 79' lang='lat' dir='ltr'>consumpti</span> <span class='ocrx_word' id='word_1_39' title='bbox 1200 1477 1292 1551; x_wconf 88' lang='lat' dir='ltr'>ultra</span> <span class='ocrx_word' id='word_1_40' title='bbox 1309 1502 1409 1551; x_wconf 87' lang='lat' dir='ltr'>sexa-</span> 
     </span>
     <span class='ocr_line' id='line_1_7' title="bbox 349 1590 794 1687; baseline 0.004 -26"><span class='ocrx_word' id='word_1_41' title='bbox 349 1590 446 1687; x_wconf 88' lang='lat' dir='ltr'>ginta</span> <span class='ocrx_word' id='word_1_42' title='bbox 465 1590 574 1663; x_wconf 86' lang='lat' dir='ltr'>millia</span> <span class='ocrx_word' id='word_1_43' title='bbox 590 1590 794 1665; x_wconf 91' lang='lat' dir='ltr'>hominum.</span> 
     </span>
    </p>

    <p class='ocr_par' dir='ltr' id='par_1_3' title="bbox 347 1706 1412 4128">
     <span class='ocr_line' id='line_1_8' title="bbox 395 1706 1409 1800; baseline 0.002 -21"><span class='ocrx_word' id='word_1_44' title='bbox 395 1709 486 1779; x_wconf 91' lang='lat' dir='ltr'>Cum</span> <span class='ocrx_word' id='word_1_45' title='bbox 503 1719 623 1779; x_wconf 91' lang='lat' dir='ltr'>autem</span> <span class='ocrx_word' id='word_1_46' title='bbox 643 1707 749 1779; x_wconf 88' lang='lat' dir='ltr'>tantis</span> <span class='ocrx_word' id='word_1_47' title='bbox 771 1706 997 1780; x_wconf 85' lang='lat' dir='ltr'>allicerentur</span> <span class='ocrx_word' id='word_1_48' title='bbox 1012 1707 1133 1800; x_wconf 87' lang='lat' dir='ltr'>malis,</span> <span class='ocrx_word' id='word_1_49' title='bbox 1150 1706 1271 1782; x_wconf 88' lang='lat' dir='ltr'>adhuc</span> <span class='ocrx_word' id='word_1_50' title='bbox 1288 1721 1409 1781; x_wconf 84' lang='lat' dir='ltr'>tamen</span> 
     </span>
     <span class='ocr_line' id='line_1_9' title="bbox 349 1821 1409 1923; baseline 0.003 -30"><span class='ocrx_word' id='word_1_51' title='bbox 349 1846 425 1893; x_wconf 87' lang='lat' dir='ltr'>sese</span> <span class='ocrx_word' id='word_1_52' title='bbox 438 1821 571 1895; x_wconf 88' lang='lat' dir='ltr'>dedere</span> <span class='ocrx_word' id='word_1_53' title='bbox 588 1822 852 1916; x_wconf 69' lang='lat' dir='ltr'>detrectabant,</span> <span class='ocrx_word' id='word_1_54' title='bbox 872 1838 948 1895; x_wconf 90' lang='lat' dir='ltr'>tum</span> <span class='ocrx_word' id='word_1_55' title='bbox 964 1839 1115 1923; x_wconf 92' lang='lat' dir='ltr'>propter</span> <span class='ocrx_word' id='word_1_56' title='bbox 1131 1824 1323 1897; x_wconf 89' lang='lat' dir='ltr'>horrorem</span> <span class='ocrx_word' id='word_1_57' title='bbox 1342 1850 1409 1896; x_wconf 94' lang='lat' dir='ltr'>no·</span> 
     </span>
     <span class='ocr_line' id='line_1_10' title="bbox 349 1934 1411 2034; baseline 0.004 -27"><span class='ocrx_word' id='word_1_58' title='bbox 349 1934 454 2007; x_wconf 90' lang='lat' dir='ltr'>minis</span> <span class='ocrx_word' id='word_1_59' title='bbox 481 1936 694 2033; x_wconf 79' lang='lat' dir='ltr'>Anglorum,</span> <span class='ocrx_word' id='word_1_60' title='bbox 717 1936 779 2034; x_wconf 90' lang='lat' dir='ltr'>qui</span> <span class='ocrx_word' id='word_1_61' title='bbox 800 1951 885 2009; x_wconf 91' lang='lat' dir='ltr'>tunc</span> <span class='ocrx_word' id='word_1_62' title='bbox 905 1937 1032 2009; x_wconf 90' lang='lat' dir='ltr'>incolis</span> <span class='ocrx_word' id='word_1_63' title='bbox 1057 1953 1159 2010; x_wconf 83' lang='lat' dir='ltr'>terrae</span> <span class='ocrx_word' id='word_1_64' title='bbox 1181 1939 1289 2010; x_wconf 86' lang='lat' dir='ltr'>nimis</span> <span class='ocrx_word' id='word_1_65' title='bbox 1309 1938 1411 2011; x_wconf 84' lang='lat' dir='ltr'>inco·</span> 
     </span>
     <span class='ocr_line' id='line_1_11' title="bbox 349 2052 1412 2155; baseline 0.004 -32"><span class='ocrx_word' id='word_1_66' title='bbox 349 2052 457 2149; x_wconf 88' lang='lat' dir='ltr'>gniti,</span> <span class='ocrx_word' id='word_1_67' title='bbox 478 2052 561 2125; x_wconf 90' lang='lat' dir='ltr'>licet</span> <span class='ocrx_word' id='word_1_68' title='bbox 584 2054 821 2151; x_wconf 71' lang='lat' dir='ltr'>interjacentis</span> <span class='ocrx_word' id='word_1_69' title='bbox 846 2053 924 2127; x_wconf 87' lang='lat' dir='ltr'>ireti</span> <span class='ocrx_word' id='word_1_70' title='bbox 942 2054 1060 2155; x_wconf 88' lang='lat' dir='ltr'>spatio</span> <span class='ocrx_word' id='word_1_71' title='bbox 1079 2054 1164 2128; x_wconf 85' lang='lat' dir='ltr'>satis</span> <span class='ocrx_word' id='word_1_72' title='bbox 1185 2054 1332 2128; x_wconf 88' lang='lat' dir='ltr'>modico</span> <span class='ocrx_word' id='word_1_73' title='bbox 1356 2054 1412 2127; x_wconf 92' lang='lat' dir='ltr'>di-</span> 
     </span>
     <span class='ocr_line' id='line_1_12' title="bbox 348 2167 1410 2267; baseline 0.004 -28"><span class='ocrx_word' id='word_1_74' title='bbox 348 2169 432 2262; x_wconf 86' lang='lat' dir='ltr'>visi,</span> <span class='ocrx_word' id='word_1_75' title='bbox 453 2170 573 2267; x_wconf 88' lang='lat' dir='ltr'>potius</span> <span class='ocrx_word' id='word_1_76' title='bbox 607 2169 831 2242; x_wconf 79' lang='lat' dir='ltr'>ferocissimae</span> <span class='ocrx_word' id='word_1_77' title='bbox 854 2167 993 2260; x_wconf 86' lang='lat' dir='ltr'>belluae,</span> <span class='ocrx_word' id='word_1_78' title='bbox 1026 2192 1135 2266; x_wconf 87' lang='lat' dir='ltr'>quam</span> <span class='ocrx_word' id='word_1_79' title='bbox 1164 2167 1352 2264; x_wconf 89' lang='lat' dir='ltr'>homines,</span> <span class='ocrx_word' id='word_1_80' title='bbox 1389 2194 1410 2243; x_wconf 86' lang='lat' dir='ltr'>a</span> 
     </span>
     <span class='ocr_line' id='line_1_13' title="bbox 351 2284 1412 2384; baseline 0.002 -27"><span class='ocrx_word' id='word_1_81' title='bbox 351 2286 530 2384; x_wconf 88' lang='lat' dir='ltr'>plerisque</span> <span class='ocrx_word' id='word_1_82' title='bbox 545 2284 838 2384; x_wconf 84' lang='lat' dir='ltr'>simplicioribus,</span> <span class='ocrx_word' id='word_1_83' title='bbox 860 2298 900 2356; x_wconf 92' lang='lat' dir='ltr'>ut</span> <span class='ocrx_word' id='word_1_84' title='bbox 920 2284 1166 2384; x_wconf 81' lang='lat' dir='ltr'>praediximus,</span> <span class='ocrx_word' id='word_1_85' title='bbox 1186 2286 1412 2359; x_wconf 84' lang='lat' dir='ltr'>aestimaban·</span> 
     </span>
     <span class='ocr_line' id='line_1_14' title="bbox 348 2399 1408 2499; baseline 0 -26"><span class='ocrx_word' id='word_1_86' title='bbox 348 2414 427 2489; x_wconf 90' lang='lat' dir='ltr'>tur;</span> <span class='ocrx_word' id='word_1_87' title='bbox 459 2402 666 2475; x_wconf 79' lang='lat' dir='ltr'>tumetium</span> <span class='ocrx_word' id='word_1_88' title='bbox 691 2401 775 2499; x_wconf 86' lang='lat' dir='ltr'>quia</span> <span class='ocrx_word' id='word_1_89' title='bbox 798 2399 1041 2499; x_wconf 89' lang='lat' dir='ltr'>quorumdam</span> <span class='ocrx_word' id='word_1_90' title='bbox 1066 2400 1283 2474; x_wconf 79' lang='lat' dir='ltr'>factionibus</span> <span class='ocrx_word' id='word_1_91' title='bbox 1310 2402 1408 2499; x_wconf 84' lang='lat' dir='ltr'>(qui,</span> 
     </span>
     <span class='ocr_line' id='line_1_15' title="bbox 348 2515 1411 2615; baseline 0.001 -26"><span class='ocrx_word' id='word_1_92' title='bbox 348 2542 422 2614; x_wconf 92' lang='lat' dir='ltr'>quo</span> <span class='ocrx_word' id='word_1_93' title='bbox 435 2517 473 2590; x_wconf 95' lang='lat' dir='ltr'>id</span> <span class='ocrx_word' id='word_1_94' title='bbox 484 2518 605 2589; x_wconf 91' lang='lat' dir='ltr'>animo</span> <span class='ocrx_word' id='word_1_95' title='bbox 620 2515 789 2603; x_wconf 85' lang='lat' dir='ltr'>lacerent,</span> <span class='ocrx_word' id='word_1_96' title='bbox 806 2516 1043 2614; x_wconf 85' lang='lat' dir='ltr'>ignoramus),</span> <span class='ocrx_word' id='word_1_97' title='bbox 1059 2515 1206 2613; x_wconf 89' lang='lat' dir='ltr'>singulis</span> <span class='ocrx_word' id='word_1_98' title='bbox 1217 2542 1321 2615; x_wconf 88' lang='lat' dir='ltr'>paene</span> <span class='ocrx_word' id='word_1_99' title='bbox 1336 2518 1411 2591; x_wconf 89' lang='lat' dir='ltr'>die·</span> 
     </span>
     <span class='ocr_line' id='line_1_16' title="bbox 348 2629 1408 2728; baseline -0.001 -22"><span class='ocrx_word' id='word_1_100' title='bbox 348 2632 416 2707; x_wconf 93' lang='lat' dir='ltr'>bus</span> <span class='ocrx_word' id='word_1_101' title='bbox 431 2632 569 2707; x_wconf 90' lang='lat' dir='ltr'>civibus</span> <span class='ocrx_word' id='word_1_102' title='bbox 582 2630 804 2705; x_wconf 68' lang='lat' dir='ltr'>asserebatur</span> <span class='ocrx_word' id='word_1_103' title='bbox 822 2629 923 2703; x_wconf 89' lang='lat' dir='ltr'>brevi</span> <span class='ocrx_word' id='word_1_104' title='bbox 940 2631 1240 2728; x_wconf 80' lang='lat' dir='ltr'>Burgundionum</span> <span class='ocrx_word' id='word_1_105' title='bbox 1256 2632 1408 2727; x_wconf 89' lang='lat' dir='ltr'>ducem,</span> 
     </span>
     <span class='ocr_line' id='line_1_17' title="bbox 348 2747 1411 2849; baseline 0 -26"><span class='ocrx_word' id='word_1_106' title='bbox 348 2752 409 2849; x_wconf 92' lang='lat' dir='ltr'>qui</span> <span class='ocrx_word' id='word_1_107' title='bbox 437 2764 522 2823; x_wconf 89' lang='lat' dir='ltr'>tunc</span> <span class='ocrx_word' id='word_1_108' title='bbox 549 2749 688 2822; x_wconf 87' lang='lat' dir='ltr'>Parisiis</span> <span class='ocrx_word' id='word_1_109' title='bbox 716 2761 792 2820; x_wconf 89' lang='lat' dir='ltr'>erat</span> <span class='ocrx_word' id='word_1_110' title='bbox 821 2756 904 2821; x_wconf 87' lang='lat' dir='ltr'>oum</span> <span class='ocrx_word' id='word_1_111' title='bbox 929 2771 1014 2845; x_wconf 90' lang='lat' dir='ltr'>rege</span> <span class='ocrx_word' id='word_1_112' title='bbox 1039 2772 1122 2819; x_wconf 92' lang='lat' dir='ltr'>cum</span> <span class='ocrx_word' id='word_1_113' title='bbox 1150 2747 1270 2821; x_wconf 88' lang='lat' dir='ltr'>valida</span> <span class='ocrx_word' id='word_1_114' title='bbox 1301 2772 1411 2823; x_wconf 86' lang='lat' dir='ltr'>manu</span> 
     </span>
     <span class='ocr_line' id='line_1_18' title="bbox 349 2865 1410 2967; baseline 0.002 -28"><span class='ocrx_word' id='word_1_115' title='bbox 349 2865 479 2940; x_wconf 81' lang='lat' dir='ltr'>auxilio</span> <span class='ocrx_word' id='word_1_116' title='bbox 499 2868 723 2961; x_wconf 85' lang='lat' dir='ltr'>adfuturum,</span> <span class='ocrx_word' id='word_1_117' title='bbox 747 2869 847 2965; x_wconf 88' lang='lat' dir='ltr'>cujus</span> <span class='ocrx_word' id='word_1_118' title='bbox 869 2892 939 2967; x_wconf 88' lang='lat' dir='ltr'>ope</span> <span class='ocrx_word' id='word_1_119' title='bbox 965 2882 1002 2941; x_wconf 89' lang='lat' dir='ltr'>et</span> <span class='ocrx_word' id='word_1_120' title='bbox 1026 2867 1266 2941; x_wconf 88' lang='lat' dir='ltr'>subventione</span> <span class='ocrx_word' id='word_1_121' title='bbox 1296 2883 1410 2941; x_wconf 86' lang='lat' dir='ltr'>castra</span> 
     </span>
     <span class='ocr_line' id='line_1_19' title="bbox 349 2980 1411 3083; baseline 0.003 -29"><span class='ocrx_word' id='word_1_122' title='bbox 349 2982 543 3080; x_wconf 77' lang='lat' dir='ltr'>Anglorum</span> <span class='ocrx_word' id='word_1_123' title='bbox 561 2997 821 3083; x_wconf 81' lang='lat' dir='ltr'>expugnarent,</span> <span class='ocrx_word' id='word_1_124' title='bbox 841 2998 877 3056; x_wconf 89' lang='lat' dir='ltr'>et</span> <span class='ocrx_word' id='word_1_125' title='bbox 897 3008 975 3056; x_wconf 85' lang='lat' dir='ltr'>sese</span> <span class='ocrx_word' id='word_1_126' title='bbox 991 2980 1191 3057; x_wconf 89' lang='lat' dir='ltr'>obsidionis</span> <span class='ocrx_word' id='word_1_127' title='bbox 1208 2985 1411 3057; x_wconf 89' lang='lat' dir='ltr'>incommo-</span> 
     </span>
     <span class='ocr_line' id='line_1_20' title="bbox 347 3096 1411 3196; baseline 0.004 -27"><span class='ocrx_word' id='word_1_128' title='bbox 347 3096 402 3169; x_wconf 89' lang='lat' dir='ltr'>dis</span> <span class='ocrx_word' id='word_1_129' title='bbox 419 3098 624 3171; x_wconf 83' lang='lat' dir='ltr'>liberarent.</span> <span class='ocrx_word' id='word_1_130' title='bbox 641 3102 684 3169; x_wconf 87' lang='lat' dir='ltr'>Et</span> <span class='ocrx_word' id='word_1_131' title='bbox 700 3113 741 3170; x_wconf 93' lang='lat' dir='ltr'>ut</span> <span class='ocrx_word' id='word_1_132' title='bbox 755 3098 862 3196; x_wconf 85' lang='lat' dir='ltr'>hujus</span> <span class='ocrx_word' id='word_1_133' title='bbox 879 3099 931 3171; x_wconf 90' lang='lat' dir='ltr'>rei</span> <span class='ocrx_word' id='word_1_134' title='bbox 945 3098 1035 3172; x_wconf 84' lang='lat' dir='ltr'>fides</span> <span class='ocrx_word' id='word_1_135' title='bbox 1052 3097 1205 3172; x_wconf 84' lang='lat' dir='ltr'>validius</span> <span class='ocrx_word' id='word_1_136' title='bbox 1216 3101 1345 3172; x_wconf 87' lang='lat' dir='ltr'>animis</span> <span class='ocrx_word' id='word_1_137' title='bbox 1361 3102 1411 3173; x_wconf 90' lang='lat' dir='ltr'>ci·</span> 
     </span>
     <span class='ocr_line' id='line_1_21' title="bbox 347 3214 1405 3315; baseline 0.007 -32"><span class='ocrx_word' id='word_1_138' title='bbox 347 3216 445 3288; x_wconf 85' lang='lat' dir='ltr'>vium</span> <span class='ocrx_word' id='word_1_139' title='bbox 470 3218 745 3315; x_wconf 86' lang='lat' dir='ltr'>imprimeretur,</span> <span class='ocrx_word' id='word_1_140' title='bbox 766 3214 995 3313; x_wconf 86' lang='lat' dir='ltr'>fingebantur</span> <span class='ocrx_word' id='word_1_141' title='bbox 1011 3215 1193 3289; x_wconf 90' lang='lat' dir='ltr'>interdum</span> <span class='ocrx_word' id='word_1_142' title='bbox 1212 3229 1248 3288; x_wconf 90' lang='lat' dir='ltr'>et</span> <span class='ocrx_word' id='word_1_143' title='bbox 1266 3219 1405 3308; x_wconf 88' lang='lat' dir='ltr'>nuntia,</span> 
     </span>
     <span class='ocr_line' id='line_1_22' title="bbox 349 3332 1405 3431; baseline 0.002 -28"><span class='ocrx_word' id='word_1_144' title='bbox 349 3344 384 3403; x_wconf 89' lang='lat' dir='ltr'>ct</span> <span class='ocrx_word' id='word_1_145' title='bbox 400 3332 557 3431; x_wconf 84' lang='lat' dir='ltr'>epistolae</span> <span class='ocrx_word' id='word_1_146' title='bbox 576 3332 686 3431; x_wconf 87' lang='lat' dir='ltr'>ipsius</span> <span class='ocrx_word' id='word_1_147' title='bbox 708 3332 810 3404; x_wconf 87' lang='lat' dir='ltr'>ducis</span> <span class='ocrx_word' id='word_1_148' title='bbox 831 3334 980 3403; x_wconf 89' lang='lat' dir='ltr'>nomine</span> <span class='ocrx_word' id='word_1_149' title='bbox 996 3332 1042 3403; x_wconf 88' lang='lat' dir='ltr'>ad</span> <span class='ocrx_word' id='word_1_150' title='bbox 1062 3332 1159 3404; x_wconf 88' lang='lat' dir='ltr'>cives</span> <span class='ocrx_word' id='word_1_151' title='bbox 1175 3332 1405 3425; x_wconf 76' lang='lat' dir='ltr'>transmissa,</span> 
     </span>
     <span class='ocr_line' id='line_1_23' title="bbox 348 3446 1407 3549; baseline -0.002 -27"><span class='ocrx_word' id='word_1_152' title='bbox 348 3474 427 3546; x_wconf 85' lang='lat' dir='ltr'>quae</span> <span class='ocrx_word' id='word_1_153' title='bbox 441 3450 547 3523; x_wconf 90' lang='lat' dir='ltr'>etiam</span> <span class='ocrx_word' id='word_1_154' title='bbox 565 3449 706 3549; x_wconf 91' lang='lat' dir='ltr'>publice</span> <span class='ocrx_word' id='word_1_155' title='bbox 727 3446 948 3544; x_wconf 87' lang='lat' dir='ltr'>legerentur,</span> <span class='ocrx_word' id='word_1_156' title='bbox 969 3447 1101 3546; x_wconf 90' lang='lat' dir='ltr'>quibus</span> <span class='ocrx_word' id='word_1_157' title='bbox 1117 3446 1328 3547; x_wconf 83' lang='lat' dir='ltr'>pollicitatio</span> <span class='ocrx_word' id='word_1_158' title='bbox 1343 3446 1407 3521; x_wconf 83' lang='lat' dir='ltr'>tie-</span> 
     </span>
     <span class='ocr_line' id='line_1_24' title="bbox 347 3561 1409 3663; baseline 0 -28"><span class='ocrx_word' id='word_1_159' title='bbox 347 3564 409 3637; x_wconf 92' lang='lat' dir='ltr'>bat</span> <span class='ocrx_word' id='word_1_160' title='bbox 430 3589 513 3638; x_wconf 89' lang='lat' dir='ltr'>eum</span> <span class='ocrx_word' id='word_1_161' title='bbox 537 3564 583 3637; x_wconf 90' lang='lat' dir='ltr'>ad</span> <span class='ocrx_word' id='word_1_162' title='bbox 607 3578 745 3637; x_wconf 87' lang='lat' dir='ltr'>certum</span> <span class='ocrx_word' id='word_1_163' title='bbox 763 3579 798 3637; x_wconf 89' lang='lat' dir='ltr'>et</span> <span class='ocrx_word' id='word_1_164' title='bbox 815 3562 1031 3663; x_wconf 83' lang='lat' dir='ltr'>praelinitum</span> <span class='ocrx_word' id='word_1_165' title='bbox 1046 3561 1143 3633; x_wconf 89' lang='lat' dir='ltr'>diem</span> <span class='ocrx_word' id='word_1_166' title='bbox 1162 3561 1355 3635; x_wconf 86' lang='lat' dir='ltr'>adventare</span> <span class='ocrx_word' id='word_1_167' title='bbox 1373 3578 1409 3635; x_wconf 93' lang='lat' dir='ltr'>et</span> 
     </span>
     <span class='ocr_line' id='line_1_25' title="bbox 347 3678 1408 3778; baseline -0.002 -25"><span class='ocrx_word' id='word_1_168' title='bbox 347 3682 482 3755; x_wconf 85' lang='lat' dir='ltr'>eisdem</span> <span class='ocrx_word' id='word_1_169' title='bbox 499 3680 623 3754; x_wconf 87' lang='lat' dir='ltr'>solatia</span> <span class='ocrx_word' id='word_1_170' title='bbox 639 3680 855 3753; x_wconf 82' lang='lat' dir='ltr'>defensionis</span> <span class='ocrx_word' id='word_1_171' title='bbox 867 3678 1099 3778; x_wconf 85' lang='lat' dir='ltr'>praebiturum</span> <span class='ocrx_word' id='word_1_172' title='bbox 1109 3704 1198 3751; x_wconf 89' lang='lat' dir='ltr'>esse.</span> <span class='ocrx_word' id='word_1_173' title='bbox 1214 3681 1302 3766; x_wconf 71' lang='lat' dir='ltr'>Quae</span> <span class='ocrx_word' id='word_1_174' title='bbox 1315 3703 1408 3751; x_wconf 86' lang='lat' dir='ltr'>vana</span> 
     </span>
     <span class='ocr_line' id='line_1_26' title="bbox 347 3791 1403 3892; baseline -0.002 -25"><span class='ocrx_word' id='word_1_175' title='bbox 347 3810 384 3868; x_wconf 91' lang='lat' dir='ltr'>ct</span> <span class='ocrx_word' id='word_1_176' title='bbox 399 3794 521 3869; x_wconf 86' lang='lat' dir='ltr'>delusa</span> <span class='ocrx_word' id='word_1_177' title='bbox 535 3794 752 3868; x_wconf 87' lang='lat' dir='ltr'>confidentia</span> <span class='ocrx_word' id='word_1_178' title='bbox 766 3818 842 3865; x_wconf 92' lang='lat' dir='ltr'>non</span> <span class='ocrx_word' id='word_1_179' title='bbox 861 3791 1117 3892; x_wconf 87' lang='lat' dir='ltr'>parumobsuit</span> <span class='ocrx_word' id='word_1_180' title='bbox 1132 3793 1284 3882; x_wconf 85' lang='lat' dir='ltr'>civitati;</span> <span class='ocrx_word' id='word_1_181' title='bbox 1303 3793 1403 3890; x_wconf 87' lang='lat' dir='ltr'>quia,</span> 
     </span>
     <span class='ocr_line' id='line_1_27' title="bbox 347 3908 1405 3995; baseline -0.003 -11"><span class='ocrx_word' id='word_1_182' title='bbox 347 3913 377 3995; x_wconf 78' lang='lat' dir='ltr'>si</span> <span class='ocrx_word' id='word_1_183' title='bbox 393 3914 567 3985; x_wconf 87' lang='lat' dir='ltr'>maturius</span> <span class='ocrx_word' id='word_1_184' title='bbox 584 3937 651 3987; x_wconf 88' lang='lat' dir='ltr'>suo</span> <span class='ocrx_word' id='word_1_185' title='bbox 664 3912 860 3984; x_wconf 81' lang='lat' dir='ltr'>infortunio</span> <span class='ocrx_word' id='word_1_186' title='bbox 879 3910 1113 3983; x_wconf 87' lang='lat' dir='ltr'>consuluisset</span> <span class='ocrx_word' id='word_1_187' title='bbox 1130 3923 1166 3982; x_wconf 93' lang='lat' dir='ltr'>et</span> <span class='ocrx_word' id='word_1_188' title='bbox 1184 3908 1405 3981; x_wconf 79' lang='lat' dir='ltr'>deditionem</span> 
     </span>
     <span class='ocr_line' id='line_1_28' title="bbox 347 4025 1405 4128; baseline -0.006 -27"><span class='ocrx_word' id='word_1_189' title='bbox 347 4029 503 4123; x_wconf 86' lang='lat' dir='ltr'>fecisset,</span> <span class='ocrx_word' id='word_1_190' title='bbox 525 4030 697 4128; x_wconf 83' lang='lat' dir='ltr'>potuisset</span> <span class='ocrx_word' id='word_1_191' title='bbox 712 4025 841 4099; x_wconf 87' lang='lat' dir='ltr'>multas</span> <span class='ocrx_word' id='word_1_192' title='bbox 860 4025 1031 4099; x_wconf 85' lang='lat' dir='ltr'>libertatis</span> <span class='ocrx_word' id='word_1_193' title='bbox 1048 4041 1156 4124; x_wconf 89' lang='lat' dir='ltr'>atque</span> <span class='ocrx_word' id='word_1_194' title='bbox 1171 4025 1405 4097; x_wconf 87' lang='lat' dir='ltr'>immunitatis</span> 
     </span>
    </p>
   </div>
   <div class='ocr_carea' id='block_1_3' title="bbox 345 4248 1405 4601">
    <p class='ocr_par' dir='ltr' id='par_1_4' title="bbox 345 4248 1405 4601">
     <span class='ocr_line' id='line_1_29' title="bbox 346 4248 1405 4329; baseline -0.002 -16"><span class='ocrx_word' id='word_1_195' title='bbox 346 4253 418 4313; x_wconf 92' lang='lat' dir='ltr'>dont</span> <span class='ocrx_word' id='word_1_196' title='bbox 444 4253 472 4313; x_wconf 92' lang='lat' dir='ltr'>le</span> <span class='ocrx_word' id='word_1_197' title='bbox 496 4254 651 4313; x_wconf 83' lang='lat' dir='ltr'>manuscrit</span> <span class='ocrx_word' id='word_1_198' title='bbox 672 4264 716 4312; x_wconf 84' lang='lat' dir='ltr'>est</span> <span class='ocrx_word' id='word_1_199' title='bbox 738 4254 755 4310; x_wconf 82' lang='lat' dir='ltr'>l</span> <span class='ocrx_word' id='word_1_200' title='bbox 778 4250 805 4310; x_wconf 89' lang='lat' dir='ltr'>la</span> <span class='ocrx_word' id='word_1_201' title='bbox 828 4248 1027 4329; x_wconf 78' lang='lat' dir='ltr'>bibliotheque</span> <span class='ocrx_word' id='word_1_202' title='bbox 1048 4250 1200 4329; x_wconf 72' lang='lat' dir='ltr'>impe‘riale</span> <span class='ocrx_word' id='word_1_203' title='bbox 1220 4250 1316 4327; x_wconf 81' lang='lat' dir='ltr'>(londa</span> <span class='ocrx_word' id='word_1_204' title='bbox 1335 4251 1405 4311; x_wconf 86' lang='lat' dir='ltr'>latin</span> 
     </span>
     <span class='ocr_line' id='line_1_30' title="bbox 346 4340 1405 4419; baseline -0.003 -16"><span class='ocrx_word' id='word_1_205' title='bbox 346 4356 379 4403; x_wconf 82' lang='lat' dir='ltr'>n⁰</span> <span class='ocrx_word' id='word_1_206' title='bbox 391 4346 491 4417; x_wconf 70' lang='lat'>62³9),</span> <span class='ocrx_word' id='word_1_207' title='bbox 506 4342 557 4403; x_wconf 86' lang='lat' dir='ltr'>lol.</span> <span class='ocrx_word' id='word_1_208' title='bbox 570 4346 607 4402; x_wconf 78' lang='lat'>69</span> <span class='ocrx_word' id='word_1_209' title='bbox 623 4360 631 4405; x_wconf 76' lang='lat'>2</span> <span class='ocrx_word' id='word_1_210' title='bbox 646 4347 689 4401; x_wconf 79' lang='lat' dir='ltr'>De</span> <span class='ocrx_word' id='word_1_211' title='bbox 702 4348 817 4399; x_wconf 74' lang='lat' dir='ltr'>miserta</span> <span class='ocrx_word' id='word_1_212' title='bbox 825 4347 924 4399; x_wconf 71' lang='lat' dir='ltr'>civitam</span> <span class='ocrx_word' id='word_1_213' title='bbox 933 4341 1213 4418; x_wconf 73' lang='lat' dir='ltr'>samepereuntr&#39;unr5</span> <span class='ocrx_word' id='word_1_214' title='bbox 1224 4352 1255 4399; x_wconf 82' lang='lat' dir='ltr'>ct</span> <span class='ocrx_word' id='word_1_215' title='bbox 1263 4340 1291 4399; x_wconf 84' lang='lat' dir='ltr'>le</span> <span class='ocrx_word' id='word_1_216' title='bbox 1301 4344 1405 4419; x_wconf 59' lang='lat' dir='ltr'>podme</span> 
     </span>
     <span class='ocr_line' id='line_1_31' title="bbox 345 4429 1403 4515; baseline -0.005 -22"><span class='ocrx_word' id='word_1_217' title='bbox 345 4434 456 4515; x_wconf 79' lang='lat' dir='ltr'>anglais</span> <span class='ocrx_word' id='word_1_218' title='bbox 464 4432 576 4492; x_wconf 73' lang='lat' dir='ltr'>intituli</span> <span class='ocrx_word' id='word_1_219' title='bbox 585 4436 669 4511; x_wconf 82' lang='lat' dir='ltr'>Siege</span> <span class='ocrx_word' id='word_1_220' title='bbox 679 4430 714 4507; x_wconf 87' lang='lat' dir='ltr'>os</span> <span class='ocrx_word' id='word_1_221' title='bbox 716 4436 823 4503; x_wconf 75' lang='lat' dir='ltr'>Rauen,</span> <span class='ocrx_word' id='word_1_222' title='bbox 840 4429 938 4509; x_wconf 68' lang='lat' dir='ltr'>publii</span> <span class='ocrx_word' id='word_1_223' title='bbox 952 4430 1067 4509; x_wconf 76' lang='lat' dir='ltr'>d&#39;aprcs</span> <span class='ocrx_word' id='word_1_224' title='bbox 1079 4430 1108 4489; x_wconf 89' lang='lat' dir='ltr'>le</span> <span class='ocrx_word' id='word_1_225' title='bbox 1124 4430 1278 4489; x_wconf 85' lang='lat' dir='ltr'>manuscrit</span> <span class='ocrx_word' id='word_1_226' title='bbox 1289 4442 1322 4488; x_wconf 85' lang='lat' dir='ltr'>n⁰</span> <span class='ocrx_word' id='word_1_227' title='bbox 1332 4434 1403 4505; x_wconf 77' lang='lat' dir='ltr'>rat,</span> 
     </span>
     <span class='ocr_line' id='line_1_32' title="bbox 346 4519 1404 4601; baseline -0.004 -18"><span class='ocrx_word' id='word_1_228' title='bbox 346 4523 383 4583; x_wconf 93' lang='lat' dir='ltr'>de</span> <span class='ocrx_word' id='word_1_229' title='bbox 395 4523 506 4601; x_wconf 81' lang='lat' dir='ltr'>Bodley</span> <span class='ocrx_word' id='word_1_230' title='bbox 522 4526 539 4581; x_wconf 70' lang='lat' dir='ltr'>a</span> <span class='ocrx_word' id='word_1_231' title='bbox 554 4523 678 4594; x_wconf 87' lang='lat' dir='ltr'>Oxlord,</span> <span class='ocrx_word' id='word_1_232' title='bbox 695 4522 767 4581; x_wconf 82' lang='lat' dir='ltr'>dans</span> <span class='ocrx_word' id='word_1_233' title='bbox 778 4521 1002 4598; x_wconf 75' lang='lat' dir='ltr'>l’Arclraeologe&#39;a,</span> <span class='ocrx_word' id='word_1_234' title='bbox 1018 4533 1039 4579; x_wconf 90' lang='lat' dir='ltr'>t.</span> <span class='ocrx_word' id='word_1_235' title='bbox 1055 4523 1168 4592; x_wconf 79' lang='lat' dir='ltr'>xxm,</span> <span class='ocrx_word' id='word_1_236' title='bbox 1184 4540 1214 4599; x_wconf 87' lang='lat' dir='ltr'>p.</span> <span class='ocrx_word' id='word_1_237' title='bbox 1231 4523 1281 4578; x_wconf 74' lang='lat'>43.</span> <span class='ocrx_word' id='word_1_238' title='bbox 1294 4519 1317 4578; x_wconf 94' lang='lat' dir='ltr'>ll</span> <span class='ocrx_word' id='word_1_239' title='bbox 1331 4540 1351 4597; x_wconf 85' lang='lat' dir='ltr'>y</span> <span class='ocrx_word' id='word_1_240' title='bbox 1366 4538 1404 4579; x_wconf 87' lang='lat' dir='ltr'>cn</span> 
     </span>
    </p>
   </div>
   <div class='ocr_carea' id='block_1_4' title="bbox 240 4602 965 4693">
    <p class='ocr_par' dir='ltr' id='par_1_5' title="bbox 240 4602 965 4693">
     <span class='ocr_line' id='line_1_33' title="bbox 240 4602 965 4693; baseline -0.011 -20"><span class='ocrx_word' id='word_1_241' title='bbox 240 4602 248 4618; x_wconf 80' lang='grc'><strong><em>’</em></strong></span> <span class='ocrx_word' id='word_1_242' title='bbox 345 4632 434 4672; x_wconf 82' lang='lat' dir='ltr'>aune</span> <span class='ocrx_word' id='word_1_243' title='bbox 450 4610 653 4693; x_wconf 73' lang='lat' dir='ltr'>reimprcssion</span> <span class='ocrx_word' id='word_1_244' title='bbox 670 4610 807 4669; x_wconf 68' lang='lat' dir='ltr'>executec</span> <span class='ocrx_word' id='word_1_245' title='bbox 823 4611 965 4667; x_wconf 79' lang='lat' dir='ltr'>illoucn.</span> 
     </span>
    </p>
   </div>
   <div class='ocr_carea' id='block_1_5' title="bbox 426 4711 1285 4769">
    <p class='ocr_par' dir='ltr' id='par_1_6' title="bbox 426 4711 1285 4769">
     <span class='ocr_line' id='line_1_34' title="bbox 426 4711 1285 4769; baseline -0.003 0"><span class='ocrx_word' id='word_1_246' title='bbox 426 4732 437 4769; x_wconf 89' lang='lat' dir='ltr'>r</span> <span class='ocrx_word' id='word_1_247' title='bbox 1267 4711 1285 4766; x_wconf 85' lang='grc'>3</span> 
     </span>
    </p>
   </div>
   <div class='ocr_carea' id='block_1_6' title="bbox 0 0 1950 5892">
    <p class='ocr_par' dir='ltr' id='par_1_7' title="bbox 0 0 1950 5892">
     <span class='ocr_line' id='line_1_35' title="bbox 0 0 1950 5892; baseline 0 0"><span class='ocrx_word' id='word_1_248' title='bbox 0 0 1950 5892; x_wconf 95' lang='lat' dir='ltr'> </span> 
     </span>
    </p>
   </div>
  </div>
 </body>
</html>
