3892 5892
720 897 833 960 LIBER
851 896 1001 958 ramus.

702 1195 955 1268 CAPITULUM
980 1196 1024 1268 V.

385 1409 507 1483 Direptio
520 1421 546 1462 et
561 1407 695 1464 ouhmitnr
711 1403 824 1460 civitatis
840 1403 1028 1474 Suessionum,
1043 1401 1263 1477 Burgundionum
1276 1402 1338 1458 duci

798 1493 917 1550 laventis.

383 1721 478 1790 luter
502 1716 589 1788 alias
614 1739 700 1788 vero
720 1715 821 1811 regni
846 1713 1063 1786 calamitates
1088 1737 1163 1786 non
1188 1713 1394 1786 omittamus

333 1831 599 1907 lamentabilem
610 1854 734 1904 casum
749 1828 900 1902 civitatis
915 1827 1147 1900 Suessionum
1162 1827 1315 1920 referre,
1333 1849 1395 1898 an·

335 1951 440 2048 tiquae
454 1945 601 2044 quidem
611 1961 719 2044 atque
736 1944 1013 2044 opulentissimae
1029 1941 1144 2036 urbis,
1161 1957 1196 2017 et
1211 1968 1292 2043 quae
1307 1941 1394 2015 olim

335 2074 492 2163 caputet
506 2059 610 2134 sedes
626 2058 726 2155 regui
739 2059 852 2131 luerat
866 2058 1011 2131 alterius
1029 2055 1186 2130 filiorum
1205 2058 1297 2156 regis
1312 2055 1395 2130 Clo·

336 2177 472 2269 dovici‚
491 2178 598 2276 primi
612 2201 656 2250 ex
671 2181 890 2248 Francorum
910 2163 1054 2271 regibus
1077 2173 1272 2248 christiani.

377 2297 486 2365 Erant
494 2293 571 2389 ejus
580 2292 651 2365 loci
660 2291 755 2363 cives
762 2292 854 2363 inter
862 2303 1009 2361 caeteros
1017 2287 1136 2362 famati
1145 2287 1299 2388 partium
1310 2293 1396 2362 Bur·

338 2405 1166 2503 gundionumtenacissimidesensores‚etinsua
1176 2407 1398 2480 civitatemu·

338 2523 512 2596 uitionem
534 2535 753 2595 amuatorum
773 2520 819 2593 de
837 2519 1151 2618 Burgundionibus
1176 2537 1395 2621 receperunt.

339 2641 429 2710 Cum
446 2652 565 2710 autem
584 2636 708 2709 militia
722 2651 944 2710 armatorum
963 2636 1144 2734 regiorum
1161 2637 1273 2710 multa
1293 2638 1398 2710 nimis

339 2767 454 2825 castra
469 2753 563 2825 circa
582 2751 746 2825 eamdem
761 2751 939 2824 civitatem
960 2775 1026 2849 per
1040 2749 1178 2848 aliquot
1196 2751 1271 2824 dies
1284 2753 1398 2827 locas-

339 2880 412 2954 set,
428 2881 628 2941 statuerunt
643 2866 811 2959 tandem,
838 2866 991 2965 diruptis
1011 2866 1140 2940 ictibus
1164 2869 1398 2968 petrariarum

340 2983 535 3077 moenibus,
556 2982 715 3058 turribus
727 2997 763 3055 et
778 2983 1077 3082 propugnaculis,
1096 2983 1143 3057 ad
1160 2985 1399 3058 munitionem

339 3101 410 3172 loci
426 3102 574 3198 paratis,
593 3122 674 3172 eam
692 3097 826 3171 viribus
841 3123 1064 3198 oppugnare.
1083 3103 1201 3186 Quam
1218 3125 1294 3174 rem
1315 3102 1400 3174 totis

341 3217 493 3311 aggressi
506 3214 641 3288 viribus
661 3229 768 3311 atque
784 3213 993 3304 conatibus,
1018 3228 1054 3286 et
1074 3214 1178 3286 simul
1195 3215 1401 3314 eisdemque

342 3331 550 3422 momentis,
566 3331 603 3400 in
616 3329 722 3401 variis
735 3343 771 3400 et
783 3327 930 3401 diversis
939 3328 1100 3427 partibus
1115 3330 1286 3424 civitatis,
1305 3330 1401 3404 vallo

342 3461 378 3519 et
395 3445 571 3518 moenibus
586 3445 781 3543 superatis,
799 3467 880 3516 eam
896 3445 932 3516 vi
948 3459 983 3517 et
1004 3443 1113 3516 armis
1128 3460 1399 3544 expugnarunt,

342 3563 440 3635 ooesis
455 3577 532 3634 tum
549 3559 882 3660 Burgundionibus,
900 3575 938 3635 et
960 3560 1143 3635 trucidatis
1165 3563 1303 3636 civibus
1327 3588 1404 3637 ma-

338 3678 412 3774 jori
426 3703 470 3751 ex
486 3693 602 3775 parte,
622 3677 698 3749 aliis
714 3677 751 3748 in
768 3678 1011 3775 captivitatem
1027 3676 1202 3751 abductis.
1223 3679 1317 3752 Urbs
1332 3681 1404 3752 ita-

343 3819 414 3891 que
428 3794 505 3892 ipsa
525 3807 609 3866 ante
624 3792 731 3891 longa
749 3806 845 3864 retro
860 3807 962 3865 aetate
978 3792 1110 3867 nobilis
1126 3809 1234 3893 atque
1251 3794 1403 3892 opulen-

344 3909 493 3998 tissima,
508 3909 545 3980 in
557 3907 679 3980 multis
691 3911 764 3980 suis
779 3907 937 4006 partibus
947 3924 1175 3982 concremata
1186 3923 1221 3983 et
1238 3911 1405 3982 intutum

345 4022 484 4122 direpta
498 4037 534 4096 et
545 4023 792 4112 dehonestata,
801 4023 838 4094 in
849 4022 1006 4122 praedam
1021 4024 1194 4097 militibus
1202 4025 1318 4096 cessit.
1335 4023 1404 4098 Sed

348 4163 414 4210 nec
429 4141 496 4213 Dei
507 4141 660 4215 sacraria
669 4156 777 4238 atque
792 4139 937 4238 templa,
949 4155 985 4212 et
998 4139 1218 4212 nobilissima
1232 4155 1406 4214 monaste·

347 4255 402 4327 ria
426 4259 688 4331 monachorum
707 4272 814 4354 atque
841 4256 1039 4353 virginum,
1060 4281 1140 4355 quae
1156 4255 1226 4329 illic
1246 4256 1407 4356 magnifi-

348 4371 550 4445 centissima
565 4374 782 4466 exstiterant,
796 4371 896 4444 furor
904 4371 1043 4445 hostilis
1058 4374 1188 4446 intacta
1202 4371 1403 4471 reliquerat.

349 4491 508 4558 Fuerunt
540 4488 637 4560 enim
667 4487 774 4558 bonis
803 4511 905 4585 paeue
933 4502 969 4559 et
998 4487 1217 4560 ornamentis
1239 4489 1408 4562 omnibus

351 4601 503 4702 spoliata
528 4615 636 4700 atque
651 4601 803 4692 nudata,
825 4603 874 4674 ita
890 4611 931 4673 ut
946 4625 1014 4673 nec
1031 4599 1143 4674 thecis
1163 4605 1278 4678 aureis
1299 4617 1406 4702 atque
