3892 5892
551 884 609 944 tte
840 876 1097 939 mstontmmt
1111 876 1247 935 cauom
1266 878 1319 934 vn

550 1005 740 1084 necabant.
778 1001 988 1079 Audivimus
1024 1022 1091 1075 nos
1125 1000 1245 1101 ipsum
1284 1001 1453 1073 Catulum
1486 1024 1616 1097 regern

551 1122 764 1195 referentem
777 1116 895 1215 quod,
915 1140 999 1190 cum
1014 1139 1150 1211 equum
1172 1114 1240 1189 sibi
1257 1138 1278 1186 a
1295 1116 1387 1204 suis,
1412 1130 1515 1213 porta
1533 1140 1616 1215 op-

549 1236 627 1338 pidi
652 1249 806 1309 reserata
827 1256 890 1307 seu
915 1230 1078 1319 effracta⁷
1101 1229 1298 1304 adductum
1321 1230 1611 1319 conscendisset,

550 1367 587 1427 et
602 1353 640 1427 in
663 1350 780 1450 platea
798 1345 925 1446 oppidi
940 1370 1034 1419 unus
1050 1344 1236 1441 anglicus,
1261 1362 1370 1442 quem
1386 1344 1542 1443 'qnidam
1563 1345 1616 1419 de

549 1469 637 1559 suis,
654 1466 802 1553 vibratis
813 1462 862 1535 ad
874 1486 960 1538 eum
975 1461 1212 1536 occidendum
1230 1461 1368 1558 gladiis,
1387 1460 1617 1535 insectaban-

429 1631 440 1647 ·
551 1600 629 1675 tur,
657 1595 812 1662 mortem
836 1579 957 1675 fugere
983 1580 1153 1675 gestiens,
1187 1602 1263 1651 sese
1287 1578 1356 1651 sub
1379 1592 1504 1651 ventre
1526 1582 1614 1677 equi

551 1699 743 1789 occuleret,
759 1709 797 1769 et
809 1695 920 1767 vitam
935 1718 1001 1792 per
1016 1694 1109 1793 regis
1120 1694 1387 1770 miserationem
1401 1694 1611 1768 habiturum

550 1827 732 1915 speraret,
752 1817 851 1885 tanto
869 1810 990 1885 surore
1009 1810 1213 1907 ¹sarritiuque
1231 1814 1342 1885 asnis
1363 1809 1470 1883 suisse
1491 1836 1612 1911 prose-

551 1944 695 2019 cutum,
720 1943 760 2000 ut
780 1951 915 2024 equum
941 1927 1078 2027 ipsum,
1107 1917 1168 1997 oui
1195 1923 1375 1997 insidebat
1395 1950 1482 2017 rex,
1512 1950 1612 2025 pene

552 2175 626 2249 tus,
654 2157 788 2231 servari
814 2154 1005 2248 voluisset,
1034 2155 1200 2253 suisque,
1231 2170 1272 2227 ut
1294 2154 1515 2246 desisterent,
1530 2180 1613 2229 eum

553 2274 710 2349 clamore
734 2270 855 2345 rabdo
880 2270 1093 2368 imperaret,
1123 2270 1213 2343 nibil
1239 2285 1367 2359 tamen¹
1386 2296 1454 2346 nec
1479 2271 1615 2345 clamor

554 2415 622 2465 neo
652 2389 845 2518 imperium
869 2384 1044 2485 proficere
1077 2400 1274 2484 potuerunt
1304 2387 1499 2483 quominus
1530 2412 1615 2459 eum

554 2505 755 2638 gladiorum
779 2504 873 2575 acies
899 2500 1141 2576 devorarent.
1161 2515 1261 2575 tanta
1283 2500 1412 2581 suroris
1440 2502 1557 2579 rabies
1579 2518 1617 2577 et

554 2622 607 2695 ira
623 2620 752 2695 animis
765 2633 850 2691 tuuc
866 2621 1088 2688 Francorum
1103 2614 1307 2689 insederant
1320 2614 1329 2687 i

539 2784 543 2789 ‚
604 2741 705 2809 Hanc
731 2745 852 2805 autem
882 2743 989 2802 tautae
1014 2730 1248 2804 acerbitatis
1239 2756 1328 2805 iram
1356 2712 1440 2807 inde
1474 2732 1617 2823 aiebant

557 2852 742 2936 obortam,
764 2845 864 2943 quod
887 2844 945 2916 ille
966 2844 1136 2917 dominus
1152 2845 1197 2917 de
1222 2846 1356 2937 Talbot,
1376 2874 1449 2925 una
1475 2874 1518 2923 ex
1533 2851 1616 2925 vici·

556 2968 625 3040 bus
644 2983 717 3063 qua
731 2963 856 3036 solatia
873 2959 1025 3034 obsessis
1041 2954 1260 3061 presumens
1280 2962 1366 3039 illuc
1383 2967 1612 3071 adventarat,

556 3080 752 3183 quemdam
758 3079 975 3183 armigerum
986 3083 1218 3173 Francorum,
1233 3083 1308 3179 qui,
1324 3107 1346 3157 e
1361 3084 1485 3177 castris
1497 3085 1616 3159 exiens

556 3222 642 3273 cum
655 3197 781 3272 lancea
795 3193 989 3270 adversum
1007 3194 1147 3291 hostes,
1167 3212 1292 3295 eaptus
1308 3196 1388 3273 ab
1379 3200 1465 3298 rpsis
1480 3200 1613 3291 iuerat,

556 3316 753 3391 adductum
769 3336 892 3425 coram
902 3337 941 3385 se
957 3326 1082 3412 postea
1095 3326 1132 3388 et
1141 3329 1373 3405 exarmatum,
1392 3316 1507 3392 securi
1524 3318 1616 3417 ipse-

557 3448 632 3509 met
646 3427 868 3535 percusserat
878 3443 915 3503 et
924 3430 1129 3504 immaniter
1142 3445 1249 3529 atque
1261 3430 1452 3533 crudeliter
1465 3432 1615 3509 trucida·

557 3552 646 3622 rat¹.
663 3552 706 3619 Et
722 3545 771 3617 ob
792 3568 873 3619 eam
887 3545 1148 3619 immanitatem
1162 3546 1199 3619 in
1218 3572 1315 3637 eum,
1342 3547 1405 3644 qui
1427 3547 1559 3621 nobilis
1581 3564 1617 3623 et

556 3678 722 3757 strenuus
736 3674 813 3734 erat
828 3659 990 3751 miles,
962 3683 1014 3731 stc
1029 3658 1243 3754 admissam,
1265 3675 1394 3735 contra
1410 3662 1522 3759 juset
1543 3663 1613 3757 sas,

558 3802 643 3851 cum
663 3775 824 3874 captivus
846 3789 1005 3846 serratus
1026 3774 1093 3847 sub
1115 3776 1257 3875 fideque
1283 3791 1449 3877 receptus
1471 3778 1613 3873 suisset,

557 3906 737 3995 quotquot
756 3892 919 3966 saeviente
943 3890 1064 3987 gladio
1089 3892 1135 3965 de
1162 3892 1314 3989 anglicis
1347 3892 1486 3981 inventi
1509 3908 1614 3983 sunt,

555 4013 690 4096 inferiis
712 4010 805 4085 iilius
832 4009 1000 4082 trucidati
1015 4023 1051 4081 et
1072 4010 1245 4085 victimati
1268 4009 1412 4083 suerunt
1434 4034 1546 4107 usque
1570 4009 1616 4085 ad

556 4154 623 4204 noc
638 4127 695 4203 rel
711 4151 813 4201 occe.
831 4124 954 4204 Plures
966 4139 1087 4200 tamen
1103 4124 1140 4197 in
1163 4125 1275 4202 foveis
1291 4141 1327 4198 et
1351 4124 1516 4219 cellariis,
1539 4151 1617 4225 qun

555 4248 594 4319 in
611 4244 746 4346 oppido
764 4243 868 4317 valde
881 4243 1063 4343 profunda
1081 4259 1118 4317 et
1130 4242 1252 4319 abdita
1268 4260 1372 4338 sunt,
1397 4270 1436 4319 se
1450 4244 1615 4321 ooorrlue·

596 4424 625 4480 t
648 4426 687 4483 Ge
710 4422 777 4483 trait
797 4422 835 4483 de
850 4421 971 4483 amnti
983 4441 1004 4483 n
1005 4427 1057 4481 'est
1069 4441 1121 4502 pas
1142 4422 1279 4502 rapport&
1293 4422 1365 4485 dans
1381 4422 1425 4484 les
1445 4421 1616 4501 chroniques

555 4510 596 4569 du
617 4522 727 4591 temps,
750 4525 779 4574 et
798 4512 819 4573 ii
837 4512 896 4573 rn’a
913 4512 959 4572 ete
979 4510 1147 4593 impossible
1170 4512 1209 4573 de
1230 4526 1381 4575 retrunrer
1399 4514 1426 4575 le
1444 4532 1514 4621 nom
1533 4510 1568 4572 de
1588 4511 1616 4571 la

555 4600 683 4682 victime·
