3892 5892
509 861 548 923 80
792 862 1049 923 fflstomluttu
1067 865 1204 931 CAROH
1223 868 1276 924 vu

508 1002 667 1085 essetque
692 987 729 1059 in
749 987 906 1087 oppid0,
930 1013 1013 1061 cum
1036 987 1155 1080 multis
1173 986 1328 1061 strenuis
1348 980 1569 1063 Francorum

509 1102 661 1181 ducibus
677 1118 783 1201 atque
797 1102 979 1195 militibus,
990 1108 1129 1198 loanua
1147 1105 1281 1195 Puella,
1294 1104 1411 1178 eidem
1419 1110 1569 1180 loannae

428 1314 434 1322 ἱ
509 1220 702 1292 infaustum
729 1244 836 1292 omen
861 1235 968 1317 atque
991 1220 1110 1292 infelix
1135 1219 1239 1294 valde
1261 1222 1422 1318 contigit.
1452 1227 1565 1315 Nam,

509 1350 608 1407 certo
640 1336 698 1407 die
712 1339 735 1426 ¹,
754 1328 838 1407 curn
865 1335 987 1406 multis
1011 1337 1154 1407 armatis
1180 1337 1357 1434 oppidum
1384 1338 1504 1430 exieqs
1528 1353 1571 1411 nt

509 1450 546 1521 in
574 1450 695 1523 hostes
726 1451 899 1547 impetum
918 1449 1068 1539 faceret,
1097 1451 1144 1523 ab
1168 1476 1244 1524 uno
1276 1450 1388 1525 milite
1410 1451 1570 1550 burgun-

510 1566 618 1640 dione
637 1582 741 1665 capta
766 1566 830 1639 fuit
847 1580 881 1638 et
901 1565 947 1639 ab
962 1567 1136 1665 Anglicis,
1156 1570 1219 1666 qui
1237 1568 1314 1665 ejus
1330 1568 1569 1667 perditionem

510 1698 545 1755 et
560 1684 829 1757 exstinctionem
851 1706 1068 1781 magnopere
1086 1683 1322 1782 exoptabant,
1343 1686 1459 1757 multo
1478 1710 1568 1759 auro

510 1799 706 1896 redempta.
724 1802 777 1869 De
792 1822 865 1895 qua
878 1798 1031 1894 Anglici,
1044 1800 1106 1896 qni
1121 1800 1226 1871 toties
1240 1800 1319 1896 ejus
1335 1790 1494 1871 nominis
1510 1827 1570 1873 so·

509 1914 577 1987 lius
594 1928 732 1985 terrore
755 1914 834 1985 etesi
857 1913 1038 2011 fugatique
1055 1913 1212 2007 fuerant,
1231 1914 1335 1987 valde
1351 1913 1515 1990 laetificati
1534 1933 1570 1990 et

510 2029 694 2103 exhilarati
710 2029 866 2103 luerunt.

557 2151 743 2218 Duxerunt
765 2160 885 2219 autem
909 2169 990 2218 eam
1012 2145 1059 2218 ad
1080 2126 1207 2218 urbem
1229 2144 1567 2243 Rothomagensem,

508 2263 545 2333 in
561 2284 634 2359 qua
649 2260 764 2348 dictus
784 2262 956 2334 llcnricus
968 2260 1110 2357 juvenis
1126 2274 1212 2333 tunc
1227 2274 1303 2333 erat
1318 2266 1403 2364 cum
1419 2286 1487 2333 suo
1504 2286 1569 2333 co-

509 2378 635 2450 mitatu
658 2392 691 2449 et
715 2377 880 2451 consilio.
909 2378 1000 2467 Ubi,
1028 2391 1221 2476 postquam
1251 2375 1426 2486 quidnam
1453 2377 1499 2448 de
1526 2401 1571 2449 ea

509 2512 721 2572 statueretur
745 2498 806 2570 diu
833 2497 1063 2571 consiliatum
1089 2497 1228 2587 luisset,
1259 2497 1297 2568 in
1319 2522 1363 2569 ea
1394 2498 1572 2571 sententia

509 2616 717 2692 resederunt
743 2630 799 2705 ut,
826 2640 867 2687 ea
894 2614 1054 2686 studiose
1075 2615 1113 2687 in
1142 2612 1303 2711 quodam
1335 2612 1419 2685 satis
1443 2637 1570 2712 aspero

509 2755 651 2805 carcere
680 2732 785 2803 arcis,
803 2730 1098 2825 Rothomagensis
1130 2743 1320 2817 asservata,
1348 2754 1472 2802 coram
1504 2729 1570 2803 do·

509 2846 608 2917 mino
634 2850 737 2918 Petro
766 2844 951 2927 nautor,
976 2844 1218 2918 Bellovacensi
1239 2846 1412 2945 episcopo
1434 2845 1571 2943 (quiex

509 2959 716 3031 consiliariis
745 2959 837 3053 regis
863 2957 993 3053 Angliae
1020 2983 1114 3031 uuus
1138 2958 1185 3030 de
1217 2960 1436 3058 primoribus
1455 2960 1568 3057 erat),

507 3098 552 3145 eo
568 3074 668 3172 quod
684 3073 777 3145 infra
790 3073 919 3145 limites
931 3098 1002 3146 suae
1016 3075 1180 3147 dioecesis
1191 3074 1416 3175 apprehensa
1431 3076 1568 3164 luisset,

508 3204 632 3261 contra
649 3213 729 3261 eam
745 3190 928 3287 inquisitio
946 3206 982 3263 et
997 3175 1182 3287 negotium
1198 3190 1283 3264 fidei
1303 3194 1494 3289 ageretur'.

556 3306 665 3405 Quod
685 3306 746 3378 diu
766 3305 963 3379 deductum
979 3309 1222 3405 agitatumque
1241 3306 1326 3397 fuit;
1347 3321 1383 3379 et
1399 3332 1463 3407 per
1476 3307 1571 3383 mul·

509 3435 627 3493 torum
644 3422 820 3494 mensium
841 3420 1053 3510 decursum,
1070 3422 1249 3520 ‚variisque
1273 3420 1399 3493 diebus
1419 3446 1462 3495 ac
1484 3422 1571 3495 vici-

509 3536 600 3623 bus,
631 3537 867 3609 assidentibus
893 3537 1164 3634 inquisitoribus
1193 3536 1363 3609 haereticae
1389 3537 1569 3637 pravitatis

509 3667 544 3724 et
560 3650 680 3723 multis
702 3674 808 3722 sacrae
829 3650 1017 3747 theologiae
1036 3665 1072 3722 et
1094 3650 1207 3722 divini
1228 3666 1334 3750 atque
1351 3652 1501 3725 humani
1514 3652 1570 3747 ju·

508 3768 556 3839 ris
571 3764 843 3865 professoribus,
864 3780 1011 3863 propter
1027 3764 1234 3861 hujusmodi
1251 3792 1394 3840 causam
1415 3790 1458 3839 ex
1476 3766 1570 3838 Pari-
1634 3835 1642 3855 ,

509 3883 568 3954 siis
580 3880 778 3971 accersitis,
805 3878 1047 3977 multipliciter
1064 3881 1281 3978 interrogata
1304 3882 1389 3974 lnit3
1409 3882 1568 3954 luerunt·

510 4022 580 4095 que
604 3996 901 4093 interrogationes
923 3994 1041 4100 eidem
1070 3997 1188 4089 lactae,
1219 4022 1302 4069 cum
1321 3998 1468 4097 siugulis
1495 3992 1566 4064 suis

509 4112 817 4215 responsionibus,
843 4137 909 4211 per
935 4111 1099 4210 publicos
1128 4113 1338 4188 tabelliones
1370 4110 1565 4209 diligentis·

550 4334 580 4389 1.
602 4334 642 4389 Le
656 4332 695 4389 as
709 4293 767 4391 {nai
782 4332 871 4389 arao.

550 4422 580 4479 2.
602 4422 657 4478 Les
672 4418 874 4478 delibirations
883 4416 922 4477 du
936 4419 1044 4478 conseil
1056 4434 1159 4479 curent
1171 4420 1231 4481 lien
1243 4435 1330 4483 avant
1341 4444 1398 4503 qne
1412 4424 1441 4485 la
1453 4426 1568 4486 Pncelle

413 4504 414 4507 ’
511 4506 553 4565 lut
566 4508 666 4567 mendo
676 4510 814 4581 tRouen,
828 4520 858 4569 et
870 4520 958 4568 avaut
969 4510 1235 4587 memequ'elleedt
1246 4511 1292 4571 ete
1302 4513 1435 4573 racheles
1449 4515 1486 4575 de
1495 4518 1567 4574 Jcan

511 4600 547 4660 de
559 4599 773 4682 Luxcrnbourg,
784 4616 865 4661 entre
881 4602 923 4662 les
936 4604 1028 4664 mains
1042 4602 1079 4664 de
1087 4604 1137 4683 qui
1150 4605 1206 4665 elle
1218 4605 1288 4665 etait
1300 4605 1425 4670 umber.
