3892 5892
499 842 557 897 18⁰
782 834 1037 895 ΗΙὸἹῸΜΑῙὶῐΙΜ
1057 832 1193 901 canon
1213 832 1267 890 vn

495 988 637 1063 semper
662 961 733 1035 illic
758 959 827 1034 sub
848 959 972 1050 bellis,
1003 958 1059 1031 vel
1085 957 1152 1032 sub
1179 956 1359 1029 bellorum
1378 956 1556 1030 continuo

496 1094 595 1153 metu
613 1077 896 1174 ,innumerisque
928 1074 1065 1172 injuriis
1100 1098 1143 1145 ac
1175 1073 1345 1145 molestiis
1382 1071 1554 1169 degatur,

390 1180 393 1185 ¹
495 1196 668 1296 quamdiu
684 1193 830 1273 illa-tam
846 1215 1037 1263 numerosa
1051 1190 1178 1263 militia
1189 1189 1411 1263 conductitia
1423 1192 1557 1265 retine·

494 1314 603 1404 bitur,
628 1311 724 1385 mille
748 1310 913 1396 videlicet
923 1310 1221 1405 quingentarum,
1251 1322 1314 1379 aut
1330 1333 1461 1406 supra,
1482 1309 1560 1382 lan·

495 1454 653 1503 cearum.
687 1433 798 1517 Nam,
827 1425 928 1497 omni
950 1432 1089 1498 semota
1111 1423 1363 1515 dubitatione,
1383 1422 1557 1521 quamdiu

496 1558 593 1617 tantu
608 1537 821 1639 'retinebitur
836 1540 882 1613 ad
906 1541 1013 1639 plena
1028 1540 1230 1640 stipendia,
1250 1564 1393 1612 necesse
1406 1542 1473 1612 erit
1489 1564 1558 1639 po·

495 1658 601 1760 pulos
622 1674 657 1732 et
680 1657 884 1756 provincias
909 1657 1009 1753 regni
1034 1655 1110 1727 haec
1138 1656 1212 1729 duo
1236 1657 1393 1729 maxima
1417 1669 1452 1727 et
1479 1680 1560 1727 mo-

494 1775 679 1848 lestissima
696 1796 819 1861 onera,
845 1771 977 1870 tributu
1001 1772 1134 1859 scilicet
1160 1770 1207 1843 ad
1232 1771 1345 1843 solnm
1366 1772 1471 1843 unius
1489 1796 1560 1843 vo-

495 1890 670 1962 luntatem
697 1888 917 1988 imponenda
937 1902 974 1961 et
991 1886 1162 1981 taxanda,
1179 1887 1289 1959 simul
1304 1910 1387 1959 cum
1408 1887 1556 1981 militia,

496 2006 662 2077 tolerare.

543 2119 618 2191 Tali
634 2119 802 2202 servitute
814 2118 914 2193 baud
925 2122 1000 2192 scio
1013 2144 1059 2193 an
1071 2118 1179 2209 alicui
1196 2120 1333 2218 regioni
1344 2120 1487 2193 miseria
1503 2122 1559 2193 vel

496 2236 677 2320 calamitas
696 2236 813 2332 major
836 2235 1007 2310 obvenire
1031 2238 1157 2337 possit.
1184 2242 1299 2334 Atque
1324 2237 1464 2309 utinam
1483 2236 1561 2309 baec

496 2366 620 2424 nostra.
645 2350 781 2423 falleret
800 2350 1006 2424 estimatio!
1029 2352 1195 2424 Libenter
1217 2353 1314 2425 enim
1340 2352 1377 2421 in
1398 2350 1469 2423 hoc
1490 2352 1563 2424 fatti

496 2456 775 2558 sustineremus,
791 2482 827 2540 et
842 2468 1045 2541 videremus
1060 2460 1198 2541 tantam
1214 2466 1261 2539 ad
1274 2466 1454 2565 stipendia
1469 2468 1564 2539 mili-

498 2582 584 2655 tiam
599 2584 758 2672 retineri,
775 2583 953 2655 ueletiam
970 2585 1167 2680 majorem,
1193 2608 1272 2680 quae
1299 2582 1469 2655 oneribus
1493 2584 1562 2657 illis

499 2712 535 2770 et
551 2699 744 2790 molestiis,
765 2722 854 2794 quas
873 2688 1166 2795 perstrinximus,
1185 2698 1334 2770 minime
1350 2712 1442 2771 esset
1463 2700 1561 2796 regni

499 2813 638 2887 accolas
653 2828 853 2908 gravatura.
873 2813 996 2883 Priscis
1011 2813 1235 2912 temporibus
1248 2838 1398 2911 regnum
1410 2818 1564 2889 Franco-

498 2955 579 3001 rum
613 2928 807 3025 aliquaudo
841 2929 995 3001 multum
1029 2932 1170 3023 floruit,
1211 2956 1294 3005 cum
1327 2933 1465 3008 nullam
1496 2948 1564 3023 ¹aut

498 3046 664 3141 exiguam
686 3044 824 3116 foveret
846 3043 1066 3118 ordinariam
1087 3048 1355 3145 stipendiariam
1380 3050 1561 3143 militiam3

499 3174 543 3233 et·
562 3174 756 3258 antequam
787 3161 961 3233 Henricus
987 3164 1217 3252 Lancastriae,
1250 3164 1445 3259 Anglornm
1478 3190 1562 3257 rex,

500 3300 651 3373 regnum
681 3281 899 3349 Francorum
923 3303 988 3376 per
1017 3278 1106 3351 fines
1134 3280 1361 3353 Normnnniae
1383 3283 1578 3379 acquirere

500 3392 568 3464 sibi
594 3418 778 3490 aggressus
806 3409 858 3465 est
883 3394 1072 3490 (nondum
1100 3395 1314 3469 effluxerunt
1343 3388 1565 3495 septuaginta
1615 3439 1619 3453 ·
1692 3402 1709 3418 '

501 3507 587 3579 anni
597 3508 638 3602 ¹),
654 3508 751 3581 nulia
767 3508 845 3581 talis
856 3510 1084 3609 stipendiaria
1097 3496 1251 3584 militurn
1267 3514 1441 3586 mannsin
1456 3540 1565 3613 regno

503 3623 662 3732 Franciaex
679 3622 881 3718 tenebatur,
900 3624 983 3697 licet
1003 3626 1197 3722 anglorum
1216 3652 1316 3725 reges
1333 3612 1565 3731 burdegalam

504 3752 540 3810 et
554 3762 723 3835 magnam
737 3740 919 3812 Vaseoniae
930 3754 1069 3838 partem
1085 3740 1153 3813 sub
1166 3766 1231 3815 sua
1241 3742 1378 3815 ditione
1389 3758 1563 3818 tenerent.

507 3855 615 3923 Erant
628 3852 787 3925 contenti
804 3855 1025 3923 Francorum
1045 3880 1146 3951 reges
1169 3856 1205 3929 in
1227 3857 1328 3929 terris
1352 3858 1567 3959 limitropbis

504 3967 710 4063 aliquorum
734 3966 1052 4066 stipendiariorum
1077 3960 1270 4065 nnmerum
1296 3972 1503 4066 modicum,
1529 3977 1565 4047 in

504 4082 1107 4181 praesidiismunitiorumlocorum,
1123 4088 1276 4181 retinere
1292 4118 1299 4161 ι
1314 4105 1460 4189 propter
1475 4118 1568 4191 quos

547 4370 576 4423 t.
599 4367 751 4429 lte'dexion
770 4347 878 4427 d'obil
902 4368 1009 4427 renuite
1032 4390 1089 4449 qne
1107 4338 1232 4432 l'auteur
1247 4374 1368 4433 derivait
1388 4376 1448 4435 ceci
1473 4380 1488 4435 d
1512 4398 1569 4437 une

507 4453 713 4533 quneasm
729 4457 908 4537 rapprocbde
920 4457 957 4517 de
970 4458 1030 4521 l'nn
1046 4464 1140 4535 1475,
1162 4464 1284 4543 puisque
1296 4464 1324 4523 la
1336 4469 1478 4545 conquete
1491 4464 1528 4527 de
1542 4468 1570 4528 ln

508 4543 685 4605 Normrndie
698 4548 866 4625 commenqn
881 4566 918 4607 en
933 4551 1011 4608 tata
1026 4568 1081 4629 pqr
1096 4550 1124 4609 la
1139 4550 1217 4631 prise
1233 4551 1408 4635 dilarfleur.
1509 4602 1512 4609 .
