3892 5892
535 950 594 1024 roo
821 926 1077 1001 maronnnuu
1095 938 1230 998 ennom
1252 940 1305 997 vu

536 1066 762 1143 obtinebant.
787 1068 1022 1138 Cum-autem
1036 1088 1110 1135 uno
1128 1062 1205 1154 die,
1221 1084 1344 1135 mense
1359 1057 1473 1155 maio,
1492 1070 1533 1132 ut
1547 1084 1594 1133 ex

536 1210 638 1258 more
653 1195 896 1272 assueverant,
912 1181 1007 1252 circa
1024 1192 1144 1250 ortum
1163 1173 1247 1251 solis
1266 1201 1332 1276 per
1346 1192 1494 1277 pontem
1508 1200 1595 1250 cum

536 1302 609 1387 suis
624 1298 788 1372 curribus
800 1278 1201 1388 iransiturivenissent¹,
1218 1291 1499 1389 clamassentque
1515 1317 1595 1363 cus-

536 1417 613 1489 todi
631 1416 751 1515 pontis
765 1426 941 1512 quatenus
957 1411 1007 1482 eis
1020 1411 1208 1487 transitum
1218 1422 1254 1481 et
1261 1392 1402 1508 nortem
1415 1409 1590 1507 aperiret,

536 1532 612 1625 ille,
639 1555 703 1630 spe
727 1552 833 1602 suum
861 1524 1005 1597 solitum
1031 1525 1265 1597 honorarium
1288 1522 1550 1622 consequendi,
1570 1548 1593 1597 e

536 1660 648 1721 stratu
660 1671 726 1720 suo
736 1644 898 1717 alacriter
913 1667 1152 1740 consurgens,
1171 1642 1242 1715 suis
1258 1642 1386 1740 aurigis
1403 1641 1471 1714 sibi
1486 1642 1594 1713 notis-

536 1766 633 1837 simis
656 1763 773 1835 statim
786 1766 938 1859 ‘pontem
955 1761 1096 1858 aperuit
1112 1776 1149 1833 et
1163 1760 1327 1857 januam,
1345 1758 1435 1831 nihil
1451 1756 1594 1831 insidia·

538 1906 618 1951 rum
640 1876 757 1968 dolive
774 1874 984 1973 suspicatus.
1005 1879 1086 1947 Erat
1103 1873 1162 1946 ille
1176 1874 1331 1971 armiger
1347 1874 1524 1971 Anglicus,
1539 1875 1594 1945 vir

537 2016 729 2092 generosus
745 2003 786 2065 et·
796 2013 950 2087 corpore
959 1988 1253 2063 valderobust'us.
1269 1994 1361 2062 Cum
1374 2004 1492 2063 autem
1507 1989 1595 2061 alter

537 2134 581 2181 ex
602 2107 732 2203 aurigis
755 2105 824 2195 sub
844 2104 987 2176 colobio
1006 2106 1204 2177 rusticano'
1222 2119 1446 2207 armantque
1472 2106 1595 2203 pugio-

538 2235 622 2299 nem
657 2236 817 2321 tegeret,
861 2236 897 2294 et
934 2246 1046 2319 usque
1063 2246 1185 2320 supra
1223 2202 1413 2317 leratioum
1448 2212 1595 2322 pontem

539 2365 686 2413 currum
707 2362 814 2420 suum
832 2336 1050 2427 advexisset,
1070 2336 1143 2408 ictu
1157 2338 1322 2434 pugionis
1334 2339 1453 2436 ipsum
1471 2336 1594 2435 Angli-

458 2541 462 2545 ,
540 2452 834 2536 cumcustodem
853 2465 967 2551 portae
989 2451 1165 2542 confodit,
1192 2467 1227 2523 et
1246 2478 1289 2525 ex
1314 2453 1388 2525 alto
1406 2453 1443 2525 in
1462 2452 1594 2524 flumen

541 2570 783 2669 precipitavit.
794 2573 878 2640 Erat
890 2564 1072 2665 enimipse
1084 2567 1206 2664 auriga
1216 2568 1270 2639 vir
1279 2568 1410 2641 militiae
1421 2582 1593 2660 assuetus,

541 2686 692 2758 multum
723 2686 829 2756 etiam
859 2682 1042 2766 robustus.
1067 2685 1159 2753 Cum
1189 2697 1308 2756 autem
1337 2685 1387 2755 ita
1413 2685 1597 2757 actitatum

537 2818 655 2894 esset,
684 2801 801 2873 statim
825 2800 954 2894 auriga
973 2800 1049 2897 ipse
1072 2798 1267 2881 clamorem
1288 2800 1445 2874 validum
1463 2802 1594 2893 emisit,

542 2919 773 3013 signumque,
790 2916 892 3011 juxta
902 2912 1125 2988 adstantibus
1143 2930 1177 2988 et
1192 2916 1228 2987 in
1243 2915 1377 2989 insidiis
1390 2918 1426 2989 in
1442 2915 1598 3016 quadam

542 3031 690 3103 aedicula
722 3032 925 3129 propinqua
953 3029 1163 3125 latentibus,
1194 3034 1336 3106 Francis
1366 3033 1474 3106 dedit.
1488 3122 1491 3130 r
1505 3014 1594 3127 Qui,

543 3148 699 3221 clamore
717 3148 863 3241 audito,
884 3149 959 3221 sine
979 3173 1079 3223 mora
1097 3147 1149 3247 ad,
1162 3164 1305 3248 portam
1318 3152 1355 3223 in
1372 3176 1443 3248 qua
1457 3150 1599 3223 stabant

543 3264 673 3360 aurigae
689 3279 939 3358 accurremnt,
957 3277 992 3335 et
1001 3279 1141 3363 portam
1151 3266 1371 3365 munientes,
1390 3265 1475 3337 dato
1493 3266 1593 3362 signo

543 3380 619 3452 aliis
635 3381 671 3449 in
686 3379 800 3450 multo
818 3380 952 3475 majore
963 3403 1115 3451 numero
1125 3379 1431 3453 commilitonibus
1440 3381 1524 3473 suis,
1538 3378 1600 3475 qui

544 3494 653 3595 paulo
666 3492 854 3566 distantius
866 3496 903 3566 in
922 3494 1065 3567 latebris
1076 3494 1290 3591 quibusdam
1304 3520 1343 3567 se
1355 3494 1595 3583 occuluerant,

543 3618 607 3683 'eos
628 3611 795 3707 clangore
817 3610 912 3683 tubae
929 3610 1167 3683 accersierunt
1173 3638 1183 3701 ;
1198 3612 1260 3708 qui
1279 3611 1439 3685 similiter
1453 3611 1602 3711 utprio-

546 3752 602 3798 res
624 3748 780 3825 propero
799 3750 906 3797 cursu
923 3724 1177 3820 adventantes,
1201 3727 1337 3824 equites
1356 3727 1462 3800 simul
1486 3744 1521 3801 et
1541 3754 1600 3829 pe·

585 3940 615 3998 1.
637 3936 747 3997 Robert
764 3936 885 3997 Biondel
907 3956 1024 3997 nomme
1043 3938 1117 3997 celui
1135 3939 1185 4018 qui
1206 3939 1366 4001 conduisait
1386 3944 1414 4003 le
1432 3944 1551 4019 conani,
1573 3957 1603 4003 et

544 4028 640 4101 ajoute
653 4027 726 4105 qu’ii
740 4027 818 4086 avait
830 4027 961 4105 privenu
976 4030 992 4085 a
1005 4026 1134 4087 l’avance
1146 4029 1172 4088 le
1186 4032 1297 4108 portier
1313 4053 1320 4087 ι
1340 4058 1353 4083 ιι
1365 4031 1483 4109 quidam
1498 4051 1604 4093 merea·

545 4130 590 4177 tor
609 4118 785 4177 Guillerrnus
801 4122 890 4187 Hoel,
909 4118 1069 4177 locoveris
1087 4119 1247 4192 oriundus,
1267 4120 1313 4181 vir
1334 4120 1457 4203 ingentis
1478 4120 1604 4181 audacia

545 4220 573 4266 et
597 4209 678 4266 mirae
701 4206 833 4279 astutiae,
861 4226 899 4265 ex
919 4204 1008 4265 rebus
1033 4226 1104 4285 quas
1135 4207 1346 4288 Rothomagum
1373 4208 1479 4269 ducere
1506 4210 1604 4269 solitus

545 4310 623 4369 erat,
638 4295 809 4375 quadrigam
825 4309 928 4356 onerat
953 4311 982 4355 et
1002 4316 1055 4376 per·
1078 4299 1293 4359 Pontis-Arcam
1312 4314 1506 4376 transmeans,
1521 4299 1603 4361 castri

542 4384 695 4457 janitorem
713 4386 847 4463 attentius
865 4398 930 4445 orat
949 4398 982 4445 ut
1003 4406 1082 4462 cras,
1104 4407 1217 4447 summo
1232 4408 1333 4465 mane,
1347 4390 1417 4450 alias
1431 4404 1605 4451 mercaturas

417 4472 432 4493 ⁸
546 4475 701 4535 Locoveris
728 4476 879 4553 quaesitum
900 4490 1071 4555 reparaturo
1092 4492 1203 4557 portam
1218 4480 1339 4559 aperiat.
1354 4506 1367 4533 ι·
1390 4486 1514 4543 Assertio
1530 4484 1605 4541 Nor·

544 4573 680 4640 mannia,
695 4566 716 4626 l.
733 4570 765 4640 1,
780 4590 806 4625 c.
822 4587 877 4627 vn.

585 4656 614 4713 2.
638 4658 720 4716 Sorte
733 4656 770 4715 de
783 4657 938 4719 limousine
949 4678 1006 4741 qua
1020 4658 1162 4741 portoient
1177 4659 1221 4719 les
1231 4678 1364 4741 paysans.
