3892 5892
731 868 842 925 monn
861 866 1064 952 saouuous.
1390 875 1424 931 st

365 986 454 1059 sime
470 1000 625 1085 exceptae
638 1002 674 1061 et
689 989 727 1061 in
744 988 888 1089 publica
902 990 1125 1063 munimenta
1142 990 1306 1066 redactae.
1325 994 1429 1068 Mira·

363 1100 497 1175 bantur
512 1126 639 1177 omnes
656 1103 767 1177 ferme
783 1104 883 1203 quod
904 1104 951 1177 ad
967 1105 1265 1203 interrogationes
1280 1108 1327 1183 de
1344 1108 1429 1183 fidei

365 1216 543 1316 capitulis,
562 1220 670 1293 etiam
688 1219 804 1294 doctis
823 1236 860 1294 et
874 1220 1037 1295 litteratis
1052 1224 1137 1297 viris
1152 1226 1235 1299 satis
1252 1226 1425 1316 difficiles,

365 1336 443 1409 talis
483 1338 664 1411 rusticana
696 1338 890 1435 juvencula
921 1354 996 1413 tam
1028 1341 1227 1439 prudenter
1259 1358 1295 1416 et
1325 1360 1429 1419 caute

364 1451 612 1550 responderet.
642 1456 686 1524 Et
701 1478 815 1551 quum
833 1478 1071 1545 assessorum,
1089 1452 1152 1553 qui
1172 1458 1289 1531 acrius
1304 1472 1341 1531 et
1356 1459 1431 1533 ler-
1517 1443 1522 1451 ’

365 1569 507 1640 ventius
532 1570 730 1665 Anglorum
753 1568 907 1667 querelae
925 1568 1084 1643 fautores
1101 1584 1210 1669 atque
1225 1571 1431 1647 defensores

365 1685 593 1777 exsistebant,
606 1700 682 1758 tota
696 1670 746 1758 ad
756 1686 828 1758 hoc
844 1702 1048 1761 versaretur
1057 1688 1223 1782 intentio,
1238 1703 1279 1761 ut
1293 1687 1431 1763 callidis

366 1815 402 1872 et
428 1801 595 1900 captiosis
617 1801 960 1897 interrogationibus
986 1815 1108 1903 capta,
1135 1802 1294 1876 oriminis
1318 1802 1454 1894 baere-⁴

365 1940 446 1989 seos
463 1916 730 2015 adjudicaretur
753 1942 827 2009 rea,
847 1935 883 1991 et
900 1943 965 2017 per
979 1916 1052 1991 boc
1074 1917 1121 1991 de
1147 1917 1269 1991 medio
1291 1921 1432 1995 tollere-

366 2046 437 2125 tur,
456 2030 545 2105 nihil
563 2048 682 2107 tamen
699 2032 860 2105 validum
880 2048 943 2105 aut
959 2031 1083 2105 efficax
1098 2032 1148 2107 ad
1163 2032 1236 2107 hoc
1258 2059 1302 2107 ex
1323 2036 1433 2135 ipsius

366 2147 469 2221 dictis
480 2163 542 2221 aut
556 2132 809 2223 assertionibus
823 2149 1010 2222 extrahere
1024 2163 1235 2249 potuerunt.

415 2270 544 2339 Fuerat
558 2268 655 2339 enirn
672 2290 808 2359 revera,
827 2280 867 2339 ut
883 2265 929 2339 ab
944 2264 1001 2337 his
1015 2265 1077 2363 qui
1095 2265 1171 2362 ejus
1189 2268 1434 2341 conversatio·

367 2404 451 2453 nem
468 2395 504 2453 et
526 2403 646 2453 mores
668 2394 913 2479 cognoverant
929 2378 1142 2470 testabatur,
1161 2380 1373 2479 priusquam
1388 2382 1435 2453 ad

367 2519 487 2593 regem
512 2496 737 2586 accessisset,
765 2520 807 2569 ac
827 2496 937 2569 etiam
953 2510 1147 2597 postquam
1169 2495 1262 2567 inter
1278 2510 1435 2569 arurato·

366 2636 449 2683 rum
465 2610 634 2683 cobortes
648 2610 837 2685 obversata
854 2612 934 2702 fuit,
951 2613 1106 2683 multum
1122 2610 1276 2704 devota,
1295 2615 1436 2710 quoties

367 2739 528 2825 poterat,
548 2725 715 2801 ecclesias
728 2741 765 2800 et
777 2728 936 2801 oratoria
961 2728 1203 2824 frequentans.
1224 2725 1295 2799 Ubi
1315 2742 1436 2801 autem

368 2840 414 2914 de
430 2867 513 2915 rure
529 2840 713 2941 pascendo
734 2844 858 2941 pecori
875 2843 1067 2934 insisteret,
1086 2843 1116 2915 si
1139 2841 1280 2915 audiret
1294 2867 1438 2943 campa·

367 2983 423 3031 nae
439 2984 572 3032 sonum
586 2985 654 3059 pro
671 2960 872 3033 elevatione
886 2960 1000 3032 divini
1017 2960 1181 3058 corporis
1198 2973 1235 3033 et
1253 2962 1437 3058 sangoinis

368 3075 426 3148 vel
453 3102 521 3175 pro
546 3075 761 3149 salutatione
776 3076 890 3151 beatae
910 3077 1047 3166 Mariae,
1066 3100 1151 3148 cum
1170 3101 1303 3173 magno
1328 3076 1437 3151 devo-

369 3190 477 3265 tionis
505 3191 645 3265 fervore
671 3193 774 3266 solita
792 3205 869 3263 erat
885 3216 979 3287 genu
998 3189 1141 3263 llectere
1156 3204 1193 3262 et
1215 3196 1331 3263 Deum
1349 3216 1435 3266 exo·

285 3282 292 3303 ⁹
369 3330 460 3379 rare.
481 3305 552 3378 Sed
579 3322 615 3380 ct
638 3313 716 3381 Deo
739 3330 842 3380 suam
855 3306 997 3379 vovisse
1018 3305 1258 3403 virginitatem
1281 3304 1437 3379 affirma-

370 3422 434 3495 bat
452 3450 461 3493 :
481 3421 528 3493 de
549 3424 651 3521 cujus
679 3424 887 3513 violatione,
912 3418 996 3493 licet
1018 3418 1080 3491 diu
1105 3420 1198 3490 inter
1214 3435 1436 3495 armatorum

371 3562 493 3635 greges
514 3552 550 3609 et
572 3540 841 3639 impudicorum
866 3562 909 3610 ac
932 3534 1096 3610 moribus
1112 3533 1436 3635 perditissimorum

371 3654 531 3725 virorum
543 3654 666 3726 fuisset
685 3667 916 3747 conversata,
938 3674 1127 3750 nunquam
1143 3664 1265 3723 tamen
1279 3648 1436 3749 aliquam

371 3768 556 3843 infamiam
573 3768 731 3868 pertulit.
751 3770 823 3859 Qui
844 3768 958 3859 nimo,
989 3787 1075 3838 cum
1100 3790 1167 3865 per
1186 3766 1354 3839 mulieres
1378 3792 1438 3840 er·

371 3900 503 3983 pertas,
521 3886 631 3959 etiam
652 3887 745 3958 inter
763 3884 959 3981 anglorum
983 3884 1153 3955 exsistens
1169 3907 1311 3973 manus,
1329 3909 1439 3983 super

371 4023 435 4071 sua
469 4002 670 4099 integritate
696 4002 900 4074 examinata
932 4000 1165 4097 inspectaque
1188 3998 1331 4089 luisset,
1361 4024 1437 4073 non

372 4114 470 4191 aliud
487 4116 534 4189 de
551 4142 594 4191 ea
611 4118 763 4218 experiri
788 4130 986 4217 potueruut
1002 4138 1070 4187 nec
1087 4114 1237 4206 inserre,
1255 4116 1324 4187 nisi
1337 4116 1438 4214 quod

372 4232 584 4305 intemerata
599 4234 784 4331 virginalia
798 4234 950 4307 claustra
967 4245 1137 4305 servaret.
1152 4229 1353 4303 Excusabat
1362 4232 1440 4332 ipsa

372 4345 485 4418 virilis
505 4348 612 4419 vestis
632 4349 800 4423 habitum
814 4364 923 4448 atque
939 4360 1199 4445 tegumentum,
1220 4361 1437 4445 praeceptum

374 4460 420 4533 de
437 4461 653 4535 assumendo
666 4479 702 4537 et
716 4462 852 4539 utendo
868 4490 913 4537 eo
931 4476 1040 4560 atque
1055 4461 1165 4535 armis
1183 4460 1357 4534 divinitus
1369 4462 1438 4536 sibi

375 4576 508 4651 lactum
524 4600 696 4669 asserens,
717 4604 763 4651 ue
781 4580 892 4672 viros,
905 4580 998 4651 inter
1014 4600 1107 4675 quos
1123 4576 1185 4650 diu
1201 4592 1386 4676 noctuque
1402 4579 1440 4653 iu

456 4716 467 4753 r
1301 4696 1320 4753 6
