3892 5892
535 830 593 885 tat
821 826 1076 885 fflstumtnuu
1095 826 1231 885 cauom
1247 827 1299 883 vll

533 948 657 1037 valde,
675 949 812 1022 babens
826 974 966 1047 semper
981 948 1246 1039 multitudinem
1265 946 1453 1021 satellitum
1467 949 1503 1020 in
1520 947 1589 1019 hu·

529 1065 730 1162 juscemodi
749 1066 911 1138 nefandis
928 1062 1063 1137 artibus
1082 1080 1188 1163 atque
1209 1064 1382 1138 exercitiis
1402 1087 1587 1136 exsecran-

532 1181 587 1253 dis
615 1195 803 1254 assuetam.
829 1181 900 1252 Sed
925 1206 1009 1253 cum
1034 1180 1131 1253 idem
1152 1182 1379 1271 Franciscus,
1408 1195 1448 1252 ut
1479 1179 1585 1277 hujus

531 1280 648 1370 sarculi
662 1322 817 1397 nequam
834 1297 947 1391 filius,
964 1296 1085 1369 multis
1101 1296 1180 1369 filiis
1196 1296 1284 1369 lucis
1305 1298 1342 1369 in
1362 1296 1588 1371 hac'morta-

528 1413 617 1485 lium
637 1416 865 1511 generatione
888 1439 953 1489 sua
978 1414 1126 1495 astutior
1148 1440 1209 1487 seu
1231 1414 1442 1514 prudentior
1455 1428 1580 1507 esset,

528 1531 634 1629 hujus
658 1531 822 1631 patrandi
844 1531 984 1603 sceleris
1009 1555 1083 1607 non
1105 1546 1187 1603 ante
1208 1555 1335 1604 ausum
1358 1532 1395 1602 in
1421 1555 1458 1601 se
1477 1528 1589 1602 voluit

530 1672 709 1719 assumere
720 1642 735 1739 ‚‘
749 1670 859 1743 quam
873 1645 1026 1717 aliorum
1041 1646 1244 1745 principum
1260 1645 1410 1744 bugliae,
1430 1644 1491 1744 qui
1508 1644 1585 1716 tum

529 1764 566 1833 in
585 1760 761 1859 praecipua
782 1763 990 1865 auctoritate
1008 1785 1089 1857 erga
1110 1786 1229 1857 regem
1248 1763 1441 1859 auglorum
1459 1774 1588 1859 erant,

527 1900 711 1948 assensum
730 1875 878 1948 haberet
908 1891 945 1948 et
969 1891 1199 1975 praeceptum.
1236 1876 1432 1979 Verebatur
1461 1878 1589 1967 enim,

527 1991 832 2089 quemadmodum
848 2007 1072 2092 compertum
1088 2007 1152 2083 est,
1170 2016 1217 2065 ne
1228 2016 1272 2063 ex
1283 1992 1355 2064 boe
1371 1990 1488 2065 totalis
1503 2020 1588 2093 rnp-

528 2122 608 2180 tura
633 2122 836 2206 treugarum
869 2109 1106 2204 contingeret3
1141 2108 1241 2204 cujus
1274 2103 1475 2181 mallonus
1508 2108 1584 2181 cul-

527 2250 684 2325 pamque
703 2224 771 2297 sibi
795 2225 862 2298 soli
894 2226 1051 2300 adscribi
1077 2224 1333 2298 rationabiliter
1362 2226 1587 2299 formidabat.

527 2347 618 2415 Cum
636 2366 721 2413 vero
743 2366 868 2414 omnes
891 2341 1088 2439 Auglomm
1111 2348 1278 2439 proceres
1302 2342 1491 2417 consilium
1516 2342 1592 2414 lau·

528 2458 726 2549 davissent,
748 2474 784 2529 et
805 2483 872 2556 pro
896 2480 936 2529 ea
959 2456 1133 2529 residem
1152 2456 1253 2529 militi
1272 2481 1353 2529 suas
1374 2458 1507 2531 litteras
1529 2459 1594 2532 de·

529 2575 664 2650 dissent
675 2580 697 2666 ¹,
714 2575 760 2647 ad
770 2574 1036 2673 perficiendum
1062 2600 1155 2673 opus
1182 2575 1389 2671 hujusmodi
1408 2576 1594 2673 vigilanter

532 2691 708 2763 incubuit.
1261 2776 1264 2783 ,

581 2810 731 2901 Accepta
749 2804 870 2899 itaque
888 2802 1078 2875 satellitum
1094 2804 1281 2878 sufficienti
1300 2807 1346 2879 ad
1367 2806 1438 2880 hoc
1464 2835 1591 2902 manu,

533 2945 616 2992 cum
634 2943 752 3015 neque
774 2918 960 2989 Britanniae
985 2917 1080 3009 dux,
1108 2944 1224 3018 neque
1248 2938 1423 2996 terrarum
1449 2940 1592 2998 suornm

534 3033 662 3109 accolae
685 3032 755 3105 tale
782 3032 917 3130 aliquid
948 3033 1107 3106 futurum
1129 3036 1308 3110 ullatenus
1325 3042 1594 3148 ,suspicarentur

534 3151 644 3246 (nam
667 3164 796 3247 treugae
824 3149 1004 3247 generales
1031 3150 1243 3243 currebant,¹
1269 3156 1366 3229 tactae
1389 3171 1424 3230 et
1448 3156 1595 3231 firmatae

537 3268 629 3338 inter
645 3290 745 3361 reges
760 3278 796 3337 et
807 3288 915 3361 regna
927 3264 1133 3338 Franciaeet
1149 3270 1292 3365 Angla,
1309 3296 1505 3371 eorumque
1521 3274 1594 3345 uni·

580 3493 608 3548 l.
625 3492 706 3548 «Nec
715 3489 846 3549 funestus
854 3488 908 3549 iste
919 3487 1020 3568 praedo
1028 3488 1228 3571 absquejussu
1239 3510 1360 3551 suorum
1370 3494 1510 3568 majorum
1521 3495 1593 3553 banc

538 3578 681 3661 perditam
706 3579 838 3654 rapinam
864 3577 994 3637 exercuit
1019 3599 1025 3635 :
1048 3578 1126 3656 quod
1150 3578 1251 3638 frande
1277 3594 1306 3639 et
1329 3580 1397 3639 dolo
1424 3581 1594 3643 absconsum

539 3683 653 3729 nostros
677 3668 822 3748 principes
842 3666 959 3726 latebat.
977 3672 1085 3725 Verum
1103 3681 1203 3747 postea
1226 3668 1274 3729 hic
1298 3668 1429 3746 deditus,
1451 3670 1594 3746 objectum

540 3761 644 3842 praedae
661 3759 780 3840 privatae
806 3758 916 3817 crimen
947 3757 1075 3831 diluens,
1102 3757 1223 3837 publicis
1244 3758 1422 3821 documentis
1441 3761 1558 3822 detexit.
1580 3790 1593 3815 υ

539 3852 668 3927 (liobert
691 3848 832 3921 Bloudel‚
855 3854 981 3906 Assertio
1005 3853 1201 3921 Normannr'oe,
1224 3848 1244 3907 l.
1263 3854 1293 3920 1,
1319 3871 1345 3908 c.
1368 3848 1408 3931 ι).
1434 3856 1475 3911 La
1497 3853 1598 3911 conni-

540 3962 632 4001 vence
645 3940 686 3999 du
699 3950 926 4020 gouvemement
944 3936 1055 4017 anglais
1068 3950 1110 3997 est
1123 3958 1230 3997 encore
1246 3940 1342 3998 mieux
1357 3939 1461 3999 etablie
1471 3961 1528 4019 par
1543 3960 1598 3999 une

540 4033 665 4108 enquete
677 4048 735 4107 qne
749 4027 913 4087 Guillaume
926 4024 1067 4085 Jonvenel
1084 4026 1134 4085 des
1147 4027 1250 4087 Ursins
1268 4028 1310 4085 snt
1324 4026 1432 4109 charge
1448 4026 1484 4087 de
1498 4030 1596 4088 sairei

540 4124 643 4180 Rouen
659 4118 768 4177 alarin
782 4116 860 4180 dela
875 4118 968 4174 meme
982 4116 1074 4174 annde
1097 4118 1182 4174 itta.
1205 4119 1250 4174 On
1269 4136 1288 4193 y
1302 4118 1431 4175 entendit
1446 4118 1537 4177 douae
1555 4116 1596 4175 ιε’-

542 4212 656 4282 moins,
671 4210 764 4288 parim
778 4205 901 4285 lesquels
914 4204 1118 4283 l'arcbevdque
1133 4204 1169 4263 de
1185 4208 1299 4277 Reum,
1315 4207 1406 4265 Raoul
1419 4208 1557 4279 Roussel;
1572 4206 1598 4263 le

542 4298 678 4356 tresorier
694 4297 731 4354 de
748 4296 777 4355 la
800 4294 981 4363 cathedrale,
1005 4294 1137 4373 Philipps
1165 4292 1201 4352 dc
1223 4294 1250 4353 la
1278 4298 1372 4369 Rosc;
1397 4295 1523 4355 Richard
1542 4314 1594 4353 aux

543 4384 702 4461 Espoules‚
723 4386 840 4461 ecuyer,
861 4396 915 4443 etc.
939 4381 1096 4461 L’on'ginal
1116 4382 1195 4461 signe'
1219 4382 1256 4441 de
1273 4383 1351 4442 deux
1378 4383 1504 4443 notaires
1524 4400 1598 4462 apo-

544 4474 681 4551 stoliques
702 4474 791 4533 existe
811 4473 883 4533 dans
901 4473 929 4532 le
946 4474 1065 4533 volume
1088 4485 1121 4531 o·
1141 4476 1198 4533 ¹172
1218 4474 1254 4533 de
1274 4479 1322 4534 Du
1337 4478 1412 4553 Puy‚
1435 4478 1452 4535 ὲ
1476 4476 1503 4535 la
1523 4474 1594 4533 Bibl.

544 4562 707 4639 Imperiale.
