3892 5892
757 906 868 967 maa
881 908 1053 980 mamus,

733 1180 992 1255 carnutum
1017 1184 1078 1254 ιν.
1131 1156 1138 1169 “

371 1370 412 1427 De
433 1368 499 1427 odio
522 1370 671 1443 Annorum
690 1380 717 1423 et
738 1369 883 1443 prasertim
903 1370 1009 1425 comitis
1031 1370 1170 1427 Arnndebi
1197 1372 1233 1429 ad
1260 1375 1437 1435 Quaen

405 1462 532 1537 populor,
545 1472 571 1515 et
581 1460 694 1533 qualiter
705 1458 777 1515 idem
788 1479 877 1515 eomes
888 1480 905 1516 a
915 1462 1026 1516 Francis
1037 1476 1129 1537 nuptu.
1140 1466 1223 1539 mlo
1233 1481 1296 1540 Μ
1305 1470 1399 1528 obivit,

421 1634 526 1709 Unde
543 1650 627 1737 post
642 1637 817 1710 coercitos
829 1636 987 1738 populos
1009 1638 1187 1713 inferioris
1208 1645 1436 1721 Normannite

370 1768 405 1827 et
424 1751 524 1825 totali
539 1751 704 1825 addictos
721 1754 898 1843 servituti,
921 1778 1014 1851 quos
1034 1755 1081 1827 ad
1101 1755 1224 1829 turbas
1241 1772 1278 1832 et
1289 1759 1434 1834 seditio·

369 1892 448 1961 nes,
461 1866 507 1940 de
517 1866 647 1965 quibus
657 1867 855 1963 retulimus,
868 1869 1089 1943 suscitandas
1103 1872 1176 1944 suis
1189 1873 1436 1972 iniquitatibus

369 1999 479 2083 atque
496 1982 590 2057 dolis
615 1984 838 2057 concitarant
862 1997 899 2055 et
923 1984 1200 2079 quodammodo
1222 2004 1432 2086 coegerant,

370 2123 445 2171 non
460 2099 579 2172 minus
587 2098 689 2171 cordi
700 2111 736 2170 et
747 2099 871 2170 animo
882 2096 1058 2173 habentes
1069 2104 1200 2200 pariter
1212 2105 1435 2201 exstinguere

346 2254 349 2261 ·
370 2213 570 2288 libertatem
587 2214 807 2315 populorum
829 2216 893 2313 qui
914 2215 1026 2289 Caleti
1050 2243 1114 2291 seu
1138 2220 1356 2294 Caletenses¹
1372 2247 1436 2322 ap·

370 2330 608 2431 pellabantur,
627 2332 664 2402 in
675 2329 818 2403 dioeeesi
832 2330 1111 2430 Rothomagensi
1126 2333 1326 2409 habitantes
1344 2338 1436 2410 inter

370 2449 573 2544 Sequanam
609 2460 645 2519 et
680 2449 918 2519 Summonam
946 2447 1076 2519 fluvios
1108 2474 1222 2545 usque
1259 2451 1306 2522 ad
1338 2450 1436 2525 littus

370 2562 497 2647 maris,
521 2560 641 2635 adhue
666 2576 707 2633 ut
731 2585 794 2633 eos
821 2562 1087 2662 opprimerent,
1120 2564 1184 2661 qni
1210 2564 1276 2636 soli
1308 2589 1434 2638 eorum

370 2678 502 2778 rapinis
523 2692 630 2777 atque
648 2678 826 2751 violentiis
845 2677 1138 2771 obluctabantur,
1158 2685 1291 2779 magno
1314 2679 1434 2754 studio

368 2792 649 2867 annitebantur:
669 2794 718 2866 ita
735 2809 773 2866 ut
796 2796 902 2865 etiam
925 2795 1128 2893 praecipuus
1145 2796 1345 2894 Anglicanae
1367 2799 1434 2871 mi·

346 2946 349 2951 Α
368 2910 450 2984 litiae
465 2910 557 3004 dux,
571 2911 634 3009 qui
650 2909 718 2982 illis
736 2908 864 2983 diebus
878 2925 953 2983 erat
968 2934 1091 2983 eomes
1108 2912 1305 3003 bandelii,
1319 2911 1433 2988 homo

369 3027 521 3101 elleratae
546 3028 699 3099 nimium
722 3024 940 3099 crudelitatis
965 3040 1073 3123 atque
1098 3026 1291 3125 superbire,
1316 3052 1433 3103 sacra·

370 3158 533 3215 mentum
559 3142 680 3216 lecerit
699 3165 774 3213 non
793 3142 980 3240 imponere
1002 3141 1110 3239 capiti
1133 3167 1199 3213 suo
1217 3140 1331 3214 ullum
1347 3168 1435 3243 ope·

370 3258 583 3342 rimentum,
620 3256 739 3328 donee
772 3256 971 3329 rusticanos
1002 3256 1242 3329 Caletensium
1279 3258 1435 3356 populos

370 3372 603 3474 oppressisset
633 3386 669 3445 et
696 3370 856 3443 servituti
885 3367 1093 3463 addixisset;
1121 3384 1158 3441 et
1189 3368 1278 3442 illud
1313 3375 1434 3471 utique

370 3502 633 3563 sacramentum
641 3542 651 3579 ,
665 3484 787 3583 quoad
803 3484 913 3575 vixit,
931 3482 1162 3573 observabat,
1178 3482 1279 3557 nudo
1293 3510 1434 3586 semper

370 3604 542 3679 incedens
566 3603 695 3703 eapite.
723 3600 794 3674 Sed
819 3601 856 3673 in
879 3614 980 3673 tanto
1003 3598 1216 3695 arrogantiae
1236 3600 1328 3673 fastu
1348 3627 1432 3675 eum

369 3720 512 3795 diutius
520 3741 731 3820 permanere
746 3716 868 3789 divina
883 3714 1117 3788 bonitasnon
1134 3714 1307 3813 permisit.

418 3835 575 3933 Contigit
598 3834 697 3907 enim
712 3856 756 3905 ea
773 3831 1003 3931 tempestate¹
1019 3845 1060 3902 ut
1073 3829 1199 3903 Franci
1215 3829 1278 3927 qui
1292 3830 1432 3903 Belvaci

370 3968 484 4045 erant,
499 3953 592 4025 inter
608 3949 799 4023 belvacum
815 3962 851 4020 et
863 3949 1094 4044 Gomayum'
1108 3946 1156 4019 ad
1170 3945 1356 4045 quoddam
1373 3973 1433 4021 ve·
1535 3986 1540 4000 ·

370 4082 428 4141 tus
443 4066 651 4157 castellum,
670 4064 779 4162 vulgo
796 4063 933 4138 dietum
959 4062 1171 4159 Cerberos,
1191 4062 1432 4163 reparandum

412 4292 444 4351 l.
465 4296 520 4352 Les
532 4290 685 4353 Cauehois.

411 4382 441 4441 2.
464 4384 509 4439 Au
522 4381 595 4441 mois
608 4381 645 4441 de
660 4378 717 4463 mai
733 4381 825 4439 libb.

413 4474 442 4533 3.
466 4468 741 4531 Goumai-en·Brai.

412 4566 442 4622 l.
468 4588 482 4615 α
493 4564 559 4621 Une
573 4572 656 4639 grant
669 4556 767 4619 vieille
781 4556 933 4615 forteresse
945 4550 1080 4611 nominee
1093 4547 1254 4628 Gerberoy,
1264 4576 1278 4601 ι
1293 4546 1337 4607 dit
1345 4552 1432 4611 lton-

373 4651 490 4729 etrelet,
505 4650 526 4711 l.
541 4652 570 4709 11
583 4692 592 4725 ,
603 4646 689 4726 cbap.
707 4648 776 4705 tra.
