3892 5892
719 898 827 955 susa
845 897 1029 970 Quassus.
1128 958 1132 965 ,
1350 906 1409 961 roa

351 1018 458 1115 igitur
470 1018 585 1093 multo
600 1034 681 1118 post
694 1034 871 1119 tempore,
883 1021 994 1092 totius
1008 1044 1079 1093 suae
1093 1022 1264 1118 equestris
1278 1024 1410 1099 militiae

351 1134 525 1232 majorem
551 1136 764 1235 portionem„
777 1136 883 1234 jussit
907 1160 970 1208 rex
991 1137 1099 1209 armis
1126 1139 1269 1237 aggredi
1297 1152 1410 1214 terras

352 1253 597 1347 Normanniae,
616 1277 706 1350 quas
726 1252 863 1352 Angiici
882 1253 1120 1353 occupabant.
1133 1236 1331 1355 ‘secessisti
1346 1281 1410 1330 au·

351 1380 425 1439 tem
438 1368 572 1467 pariter
586 1384 623 1441 et
634 1369 804 1441 comitem
813 1369 1080 1461 sancti-Paule,
1097 1372 1174 1468 qui,
1186 1372 1335 1446 collecte
1350 1374 1413 1445 mi·

351 1481 443 1556 litari
469 1464 602 1574 manu,
627 1507 698 1555 una
721 1508 806 1556 cum
834 1484 966 1557 comite
985 1484 1030 1559 de
1046 1490 1146 1585 Augo
1161 1490 1184 1572 ¹,
1210 1468 1352 1561 circiter
1366 1486 1413 1561 ad

353 1598 419 1669 tria
436 1598 547 1673 millia
562 1600 744 1698 equitum,
762 1599 864 1697 equis
876 1614 912 1671 et
927 1602 1036 1674 armis
1061 1604 1195 1702 optime
1217 1604 1413 1677 instructo·
1446 1586 1450 1599 ¹

352 1740 454 1803 mm,
482 1740 519 1787 se
544 1740 618 1789 una
642 1738 726 1788 cum
745 1706 865 1789 'attera
892 1718 986 1811 regis
1013 1718 1139 1791 militia
1163 1735 1412 1818 aggregantes,

353 1830 449 1904 circa
478 1831 606 1905 festum
634 1830 729 1904 beati
755 1830 955 1904 Laurentii·
978 1831 1027 1905 ad
1051 1833 1259 1907 suburbana
1286 1834 1414 1936 oppidi

352 1946 684 2020 Pontis-Odomari⁸
700 1960 816 2020 castra
837 1962 1050 2045 posuerunt.
1079 1952 1331 2025 Convenerunt
1351 1976 1413 2027 au·

354 2077 426 2135 tem
454 2061 526 2135 illic
557 2062 706 2163 quidam
738 2061 936 2161 anglorum
959 2061 1087 2154 duces,
1116 2067 1282 2142 videlicet
1306 2067 1413 2143 Falco

354 2179 499 2250 Ectonis
527 2194 564 2252 et
592 2178 783 2253 Osburnus
810 2177 858 2251 de
887 2180 1130 2275 blontesorti⁸,
1164 2182 1303 2257 circiter
1330 2209 1413 2258 cum

353 2294 557 2392 quingentis
575 2294 748 2394 Anglicis,
768 2320 843 2368 uno
859 2295 917 2368 vel
937 2294 1083 2371 duobus
1107 2297 1234 2371 diebus
1252 2314 1335 2373 ante
1351 2302 1415 2375 ad·

354 2424 502 2483 ventum
519 2414 756 2499 Francorum,
784 2412 933 2485 sortasse
949 2412 996 2487 de
1012 2437 1218 2511 aggressura
1233 2414 1328 2487 illius
1348 2442 1416 2516 op·

356 2524 430 2623 pidi
445 2524 581 2625 aliquid
598 2528 764 2627 suspicati
779 2528 839 2602 vei
859 2530 968 2603 etiam
985 2528 1154 2602 certiores
1169 2530 1307 2621 effecti3
1326 2554 1419 2629 quos

354 2656 475 2715 tamen
492 2642 541 2716 ibi
564 2668 641 2717 esse
656 2648 875 2719 Francorum
892 2642 1003 2725 duces
1019 2644 1183 2743 primitus
1198 2644 1417 2721 nesciebant.

402 2763 495 2833 Com
525 2786 609 2835 vero
639 2760 768 2835 diebus
792 2760 935 2834 duobus
959 2774 1021 2834 aut
1048 2760 1162 2859 tribns
1188 2760 1260 2835 itlic
1290 2764 1418 2837 Franci

355 2878 524 2951 remorati
548 2878 716 2969 fuissent,
746 2902 820 2950 nou
851 2876 974 2976 utique
996 2860 1221 2977 propositum
1245 2876 1419 2953 habentes

355 2994 472 3094 ipsum
488 2994 666 3095 oppidum
681 2992 893 3085 obsidendi,
909 3018 994 3065 cum
1005 2994 1120 3067 nullas
1136 2992 1222 3067 belli
1233 2992 1418 3067 machinas

311 3164 325 3192 .
355 3108 402 3181 ad
422 3108 461 3181 id
483 3109 669 3207 requisitas
685 3109 926 3200 advexissent,
942 3106 1008 3180 sed
1024 3128 1137 3205 equos
1154 3107 1340 3182 dumtaxat
1354 3106 1419 3182 ha·
1527 3142 1529 3149 ·

356 3221 484 3295 herent
499 3237 535 3295 et
552 3246 674 3313 arma,
693 3224 816 3323 paucis
838 3222 996 3321 exceptis
1019 3223 1165 3295 munitis
1185 3222 1417 3297 bombardel·

356 3337 420 3432 lis,
438 3338 503 3411 sed
519 3340 759 3414 existimantes
778 3362 816 3411 se
841 3338 965 3411 locum
986 3336 1124 3437 absque
1147 3336 1303 3412 militum
1328 3363 1419 3437 prae·

357 3455 449 3530 sidio
474 3456 709 3556 improvisum
734 3478 914 3554 occupare
947 3465 983 3525 et
1011 3454 1226 3553 preripere,
1251 3468 1354 3551 turpe
1383 3466 1419 3526 et

359 3572 570 3647 indecorum
585 3585 798 3673 reputarunt
813 3572 843 3645 si
860 3572 907 3642 ab
926 3595 971 3642 eo
997 3568 1101 3659 loco,
1127 3568 1260 3667 absque
1284 3566 1420 3666 aliquid

359 3688 619 3791 praetentando,
638 3686 877 3765 discederent.
897 3690 1030 3776 Porro,
1047 3707 1122 3759 non
1139 3696 1341 3785 exspectato
1358 3681 1421 3755 du·

358 3830 443 3881 cum
469 3805 645 3907 imperio,
675 3805 767 3877 sorte
793 3802 945 3901 contigit
980 3815 1020 3874 ut
1045 3800 1193 3899 quidam
1220 3800 1420 3897 sagittarius

360 3948 445 3997 cum
460 3948 544 3997 arcu
563 3920 675 3995 telum
690 3944 755 3993 seu
770 3920 931 4019 sagittam
946 3918 1132 4016 igniferam
1148 3918 1195 3992 ad
1212 3930 1345 3992 tectum
1358 3939 1421 3988 cu·

369 4186 372 4192 ⁴
402 4196 432 4253 t.
453 4194 541 4254 louis
553 4192 590 4253 de
602 4190 810 4273 Luxemboutg
821 4238 830 4267 ,
842 4204 936 4252 comte
947 4190 985 4251 de
998 4188 1160 4251 Sator-tot.

402 4285 432 4346 2.
454 4284 571 4344 cantes
584 4282 732 4357 d‘Artoia,
745 4294 839 4343 comte
853 4280 937 4341 d’Eu.

404 4378 432 4433 ³.
454 4375 496 4433 Le
508 4372 611 4451 depes-t
624 4372 660 4433 de
673 4386 747 4435 cette
760 4372 858 4433 armee
870 4382 921 4429 eut
932 4369 992 4429 lieu
1007 4369 1034 4429 te
1048 4372 1066 4427 8
1080 4370 1159 4428 aottt.

404 4468 433 4523 t.
455 4462 702 4523 Pom-Audemer.

403 4558 433 4614 tt.
456 4549 602 4629 Foulquea
621 4554 726 4609 fletton
746 4563 776 4610 et
786 4548 903 4610 Osburn
918 4546 955 4606 de
973 4546 1132 4617 Montiort,
1149 4542 1286 4604 trc'sorier
1299 4543 1335 4603 de
1349 4548 1424 4605 Nor·

365 4640 491 4703 mendic.
1227 4678 1230 4687 .

443 4760 457 4797 r
1246 4732 1284 4789 14
