3892 5892
550 903 608 973 iss
827 902 1082 975 meromsnuu
1103 886 1239 971 maon
1263 912 1316 971 vu

546 1020 796 1138 contemptum
818 1044 999 1138 patratum
1021 1036 1128 1109 turae
1154 1036 1389 1136 reputabant,
1413 1054 1612 1115 asserentes

548 1154 679 1252 augins
695 1154 883 1250 lidellagos
899 1177 942 1226 ex
959 1153 1032 1225 hoc
1053 1152 1239 1226 manifeste
1258 1152 1510 1252 comprobari,
1524 1158 1609 1254 ¹jus-

548 1278 654 1372 teque
682 1288 703 1345 a
726 1270 889 1364 Francis,
914 1270 1054 1369 quibus
1068 1268 1177 1343 lideru
1198 1281 1382 1369 pactarum
1399 1287 1607 1370 treugarum

547 1388 698 1461 minime
712 1389 958 1476 servavissent,
972 1386 1060 1485 quin
1075 1400 1134 1459 eas
1149 1387 1269 1486 potius
1282 1387 1418 1487 perfide
1434 1401 1470 1461 et
1483 1392 1609 1489 nequl-

547 1518 601 1578 ter
624 1504 833 1595 violassent,
863 1520 968 1602 posse
994 1504 1044 1574 eis
1067 1500 1203 1574 bellum
1231 1500 1364 1575 inlerrl.
1392 1508 1436 1575 Et
1457 1504 1605 1600 quidem

546 1621 640 1713 illico
668 1622 717 1693 ita
743 1620 820 1693 fieri
845 1608 980 1691 ‘debere
1003 1618 1124 1719 plures
1149 1641 1192 1691 ex
1212 1614 1432 1691 Francorum
1454 1620 1605 1695 ducibus

545 1734 676 1811 Carolo
690 1736 764 1834 regi
776 1734 985 1808 suadebant.
997 1740 1077 1834 lpse
1091 1755 1191 1826 vern,
1202 1734 1265 1832 ‘qui
1278 1735 1393 1831 gratls
1402 1750 1439 1807 et
1446 1735 1604 1834 prudeus

547 1858 640 1945 erat,
665 1855 801 1952 quique
825 1852 997 1950 justitiam
1021 1866 1056 1923 et
1079 1847 1189 1923 fidem
1216 1849 1466 1949 honoremque
1498 1871 1601 1925 suurn

546 1968 714 2042 omuibus
737 1968 993 2067 temporalibus
1019 1965 1219 2039 commodis
1242 1972 1492 2065 anteponeret,
1522 1969 1603 2041 cha·

544 2084 728 2182 rioresque
743 2080 913 2174 haberet,
932 2096 1068 2155 tantam
1080 2099 1156 2153 rem
1174 2095 1408 2180 properanter
1418 2092 1455 2155 et
1464 2086 1602 2157 concite

546 2200 820 2300 aggrediendam
843 2215 919 2272 nou
941 2198 1100 2289 censuit,
1119 2199 1263 2286 volens,
1287 2198 1421 2271 nedum
1442 2222 1464 2272 a
1483 2202 1598 2295 malo,

545 2339 670 2390 verum
693 2318 798 2389 etiarn
815 2316 861 2388 ab
878 2316 979 2387 omni
998 2314 1115 2414 specie
1135 2313 1231 2407 mali,
1252 2313 1352 2409 juxta
1367 2314 1602 2413 apostolicum

545 2441 774 2536 preceptum,
790 2452 917 2507 cavere
931 2448 967 2504 er
983 2432 1172 2504 abstinere.
1194 2429 1231 2503 St
1247 2433 1356 2524 enlm,
1375 2448 1523 2533 repente
1541 2434 1601 2509 illo

545 2560 683 2653 patrato
700 2571 822 2651 opere,
845 2545 960 2645 anglis
979 2548 1114 2621 bellurn
1133 2547 1263 2620 inlerre
1278 2561 1521 2648 properasset,
1539 2569 1602 2650 po

545 2674 691 2744 tuissent
716 2671 835 2742 forsan
860 2667 980 2769 hostes
1006 2666 1051 2737 de
1078 2684 1123 2737 eo
1151 2657 1290 2759 dicere,
1317 2667 1416 2763 quod
1438 2669 1536 2742 vaire
1566 2678 1601 2744 et

544 2786 668 2857 dolose
685 2785 753 2855 tale
770 2782 996 2877 malignitatis
1009 2795 1253 2853 commentum
1267 2784 1344 2880 ipse
1357 2785 1503 2857 Carolus
1518 2812 1601 2860 cum

542 2902 604 2971 illo
631 2899 840 2991 Francisco,
862 2896 974 2967 milite
995 2894 1195 2988 Celtibem,
1214 2897 1438 2973 machinatus
1460 2900 1597 2996 fuisset,

542 3030 597 3105 ut,
624 3014 692 3086 sub
719 3013 782 3085 illo
808 3026 999 3112 praetextu,
1020 3026 1159 3108 treugas
1178 3037 1262 3085 crim
1280 3014 1365 3112 ipsis
1385 3016 1489 3088 initas
1502 3017 1599 3113 jura-

541 3145 662 3228 tasque
690 3128 942 3227 abrumperet,
972 3143 1009 3201 et
1034 3129 1084 3201 eis
1108 3147 1231 3201 earum
1253 3144 1440 3228 rupturam
1461 3132 1600 3206 celum-

541 3247 642 3318 niose
658 3246 861 3345 imputaret.

588 3362 698 3449 Quod
721 3361 895 3461 probrum
921 3378 1028 3461 atque
1049 3361 1281 3461 ignominiam
1303 3362 1434 3435 evitare
1454 3366 1594 3460 volem,

540 3477 739 3575 nolensque
764 3480 870 3552 talem
892 3480 930 3550 in
951 3477 1064 3577 gloria
1085 3503 1148 3551 sua
1170 3480 1258 3577 poui
1283 3480 1480 3574 maculam,
1508 3509 1597 3582 pru-

539 3581 720 3666 deuteras
735 3598 913 3695 sapienter
925 3590 1022 3667 idem
1034 3613 1095 3665 rex
1104 3592 1253 3667 Carolus
1267 3597 1433 3668 occurrit.
1450 3601 1597 3697 Legatos

538 3710 635 3781 enim
652 3710 773 3810 plures
798 3726 833 3783 et
852 3712 959 3785 variis
980 3701 1134 3800 vicibus,
1163 3733 1237 3781 uon
1263 3710 1375 3783 modo
1401 3710 1597 3785 addacem

538 3826 768 3898 Summerseti
784 3826 987 3925 praelatum,
1009 3842 1132 3896 verum
1149 3822 1255 3897 eliam
1268 3843 1301 3898 et
1318 3826 1356 3899 in
1375 3828 1533 3929 Angliam
1550 3824 1596 3903 ad

537 3966 659 4037 regem
676 3940 870 4040 Anglorum
892 3934 1002 4032 misit,
1027 3942 1089 4038 qui
1112 3942 1157 4014 de
1174 3944 1353 4017 attentatis
1371 3948 1498 4017 tamin
1516 3972 1596 4047 cap-

539 4077 618 4133 tura
635 4060 792 4158 praedicti
808 4056 951 4159 oppidi,
970 4084 1080 4157 quam
1097 4058 1203 4131 etlam
1226 4055 1262 4131 in
1283 4060 1402 4133 multis
1419 4060 1496 4135 aliis
1521 4086 1598 4163 spe·

509 4185 512 4194 '
537 4176 661 4250 ciebus
681 4191 955 4275 treugarnmque
980 4190 1127 4274 ruptura
1151 4169 1275 4248 dolose
1298 4192 1333 4249 et
1352 4177 1488 4275 perfide
1509 4206 1595 4279 prae·

535 4307 691 4393 sumpta,
703 4306 948 4390 quererentur,
961 4292 1254 4389 requirerentque
1264 4292 1480 4366 ‹tamnorum
1489 4311 1595 4394 atque

535 4407 746 4503 injuriarum
767 4406 904 4481 debitas
923 4406 999 4479 fieri
1018 4406 1260 4482 restitutiones
1275 4424 1310 4481 et
1327 4410 1591 4509 reparationes,

535 4526 736 4623 protestati,
762 4526 791 4597 si
815 4525 961 4596 minime
985 4524 1022 4595 id
1044 4522 1162 4614 fieret,
1182 4523 1298 4597 fractis
1320 4550 1384 4599 sua
1407 4527 1592 4623 iniquitate

536 4641 684 4737 treugis,
720 4665 757 4713 se
786 4637 832 4714 ad
864 4634 1019 4715 recidiva
1046 4638 1140 4713 bella
1176 4638 1242 4711 sibl
1276 4639 1461 4714 inferenda
1489 4663 1594 4715 nom·
