3892 5892
729 934 838 991 Llllllll
856 934 1021 993 TERTIUS.
1350 944 1408 1001 l29

351 1074 451 1160 perte
467 1075 582 1135 castra
604 1074 795 1159 posuerat,
814 1059 934 1159 pavidi
959 1062 1186 1160 exterritique
1216 1064 1402 1163 fugerunt,

352 1174 472 1249 relicte
494 1174 654 1274 profecto
678 1176 716 1247 in
740 1174 862 1247 cestris
883 1173 1039 1275 plurima
1054 1183 1203 1251 annona
1225 1204 1335 1277 quam
1360 1181 1407 1255 de

352 1290 472 1364 butiro
495 1306 530 1363 et
550 1290 722 1381 cervisiis,
740 1291 945 1389 ceterisque
968 1316 1031 1364 seu
1054 1292 1101 1365 od
1117 1294 1252 1367 victum
1272 1317 1334 1371 seu
1360 1299 1407 1372 ad

351 1403 435 1479 belli
449 1420 659 1507 apparatum
672 1408 893 1492 necessariis,
909 1407 977 1505 ipsi
987 1406 1163 1505 Flamingi
1177 1410 1239 1482 illo
1253 1409 1409 1488 adduxe·

353 1538 445 1597 rent.
486 1528 529 1595 Et
562 1523 613 1595 sic
641 1520 829 1595 obsidione
864 1522 980 1597 soluta
1012 1526 1153 1620 inglorii
1190 1526 1410 1628 infamesque

354 1638 492 1728 effecti,
514 1639 668 1740 plurima
694 1640 787 1738 passi
812 1637 945 1713 damna
972 1663 1093 1712 rernm
1120 1665 1263 1715 suarum
1293 1650 1408 1742 quas,¹

352 1782 424 1857 prae
448 1756 560 1829 nimio
583 1757 741 1830 bostium
762 1780 896 1855 pavore
917 1756 1179 1857 relinquentes,
1204 1757 1412 1856 abjecerunt

352 1872 570 1971 minimeque
596 1874 756 1945 tulerunt
783 1869 832 1944 ad
862 1872 1028 1971 propria,
1055 1897 1185 1970 magna
1218 1874 1411 1971 fugitarent

354 2010 438 2059 cum
453 1986 689 2060 festinatione.
713 1986 939 2094 AEstimantes
965 1988 1061 2060 enim
1084 1987 1205 2061 hostes
1221 2012 1242 2061 a
1259 2003 1358 2087 tergo
1374 2016 1412 2064 se

352 2104 491 2201 insequi
511 2117 546 2175 ct
561 2104 727 2175 cominus
748 2103 955 2196 imminere,
976 2116 1015 2175 ut
1030 2102 1268 2201 expeditiores
1282 2106 1329 2181 ed
1356 2106 1411 2179 fn·

352 2242 435 2316 gem
451 2217 698 2308 redderentur,
710 2218 838 2291 loricas
848 2232 885 2290 et
897 2216 1062 2289 thoraces
1075 2232 1272 2316 caeteraque
1283 2221 1414 2319 quibus

354 2332 475 2404 onusti
499 2346 616 2403 essent
640 2356 738 2405 ormo
760 2332 910 2433 turpiter
932 2332 1053 2431 plures
1076 2356 1119 2403 ex
1142 2332 1228 2431 ipsis
1247 2334 1415 2431 projicie-

355 2446 460 2537 bant3
481 2446 662 2547 «pedibus
674 2474 692 2517 r>
706 2448 817 2533 enim,
836 2462 875 2520 ut
891 2460 996 2545 poeto
1012 2446 1183 2543 loquitur,
1203 2478 1221 2511 α
1239 2449 1347 2521 timor
1364 2452 1415 2523 eis

355 2561 492 2635 eddidit
516 2563 602 2637 elus.
621 2594 639 2629 r
667 2563 819 2635 Vidisses
839 2588 942 2659 agros
968 2577 1003 2633 et
1032 2562 1162 2655 fossas,
1187 2586 1260 2660 qua
1283 2565 1416 2662 quique

355 2690 515 2751 tenerent
538 2702 700 2768 cursum,
717 2680 825 2751 armis
846 2702 1058 2776 conspersos
1078 2692 1186 2776 atque
1200 2691 1319 2769 satos;
1336 2704 1415 2779 quae

354 2794 527 2867 vecordiae
539 2810 647 2893 atque
659 2796 806 2893 ignaviae
816 2818 943 2867 eorum
958 2794 1019 2892 qui
1037 2818 1080 2867 ea
1097 2794 1322 2890 objecissent,
1336 2798 1415 2893 qni·

353 2908 420 2983 bus
437 2909 555 2984 nullus
571 2925 658 2983 tunc
674 2908 884 2988 imminebat
908 2910 1040 2999 hostis,
1059 2908 1185 2983 efficax
1200 2924 1238 2981 et
1255 2908 1413 2983 validum

355 3029 600 3100 testimonium
617 3028 863 3126 preferebant.

403 3144 490 3228 Quae
508 3142 667 3241 profecto
693 3167 769 3214 non
784 3142 938 3214 dicimus
959 3153 1001 3211 ut
1025 3141 1177 3239 patriam
1200 3143 1314 3240 ipsam
1330 3168 1416 3239 gen·
1533 3140 1542 3149 ’

357 3270 501 3353 temque
513 3255 685 3329 Flandriae
701 3256 842 3356 probris
855 3270 917 3327 out
929 3256 1156 3327 contumeliis
1170 3258 1336 3329 insectari
1351 3275 1415 3333 aut

356 3374 525 3447 lacessere
548 3372 790 3446 intendamus.
814 3376 874 3441 Est
892 3371 990 3441 enim
1014 3393 1099 3465 gens
1121 3369 1225 3444 valde
1241 3370 1414 3445 industria

357 3504 392 3563 et
414 3490 531 3563 omnis
545 3488 776 3561 humanitatis
798 3485 898 3572 cultu
920 3487 1165 3576 ornatissima,
1182 3488 1416 3585 quemadmo-

357 3608 444 3681 dum
464 3606 699 3702 insignissime
713 3603 847 3705 oppida
869 3616 976 3700 atque
989 3600 1156 3693 edificia,
1175 3602 1306 3702 quibus
1322 3618 1415 3677 terra

358 3723 418 3796 illa
435 3720 579 3822 oppleta
593 3732 664 3811 est,
681 3719 960 3793 luculentissime
976 3718 1214 3790 manifestent.
1236 3718 1306 3792 Sed
1329 3744 1414 3793 cum

357 3837 428 3911 sint
453 3836 521 3910 sub
546 3835 795 3932 hujuscemodi
820 3833 1176 3931 magnificentissimis
1199 3835 1301 3907 tectis
1316 3850 1351 3907 et
1376 3836 1412 3907 in

358 3953 491 4027 deliciis
506 3968 612 4051 utque
625 3954 700 4025 otio
713 3952 874 4043 enutriti,
891 3974 958 4022 nec
974 3950 1192 4048 competenti
1206 3946 1325 4021 adres
1341 3948 1414 4023 bel·

358 4068 477 4141 lorum
494 4069 602 4142 duras
625 4083 730 4167 etque
753 4090 894 4167 asperas
922 4068 1086 4138 tirocinio
1104 4068 1203 4166 prius
1222 4064 1408 4138 assuefacti

360 4183 547 4283 duratique
562 4198 693 4274 essent,
711 4182 758 4257 ad
773 4182 856 4257 talia
875 4184 993 4258 minus
1009 4182 1131 4257 idonei
1146 4184 1377 4257 inveniuntur
1386 4187 1410 4275 ¹,

401 4462 431 4519 l.
451 4457 507 4520 J'of
525 4456 565 4517 drl
583 4458 709 4540 cbenqer
722 4456 751 4518 lr
771 4456 965 4517 construction
984 4456 1036 4536 qui
1049 4470 1093 4519 est
1105 4456 1172 4516 telle
1184 4456 1258 4515 dens
1270 4456 1298 4515 le
1311 4476 1414 4519 menn·

361 4548 452 4616 serit:
474 4574 487 4599 ι
499 4550 593 4625 Atque
610 4547 669 4606 otio
685 4546 803 4606 muniti
820 4545 858 4605 ed
878 4564 924 4605 res
939 4544 1083 4605 bellorum
1096 4543 1183 4604 dures
1198 4554 1284 4622 atquc
1297 4562 1413 4625 rsperrs

364 4666 377 4691 ι
392 4660 446 4701 nec
460 4636 632 4719 competenti
646 4635 683 4697 ed
697 4636 765 4696 uti·
777 4635 907 4696 tirocinio
920 4635 1001 4714 prius
1015 4634 1186 4709 assuefacti,
1199 4646 1255 4693 etc.
1272 4662 1286 4687 ·

438 4774 451 4813 ι
1257 4750 1277 4805 t
