3892 5892
538 857 595 916 302
826 855 1080 912 statuminum
1097 854 1231 911 canon
1251 855 1302 909 vlt

537 975 605 1049 bus
618 978 709 1065 suis,
725 1001 748 1048 a
762 992 882 1074 patre,
896 977 985 1049 dum
1000 976 1118 1048 adbuc
1133 977 1287 1066 viveret,
1305 975 1349 1048 ad
1367 990 1484 1047 terras
1498 973 1598 1044 Flan-

536 1094 642 1181 dria,
661 1108 808 1196 propter
820 1095 993 1192 ancipites
1012 1093 1213 1190 dubiosque
1230 1092 1408 1166 bellorum
1424 1107 1595 1179 evemus,

538 1209 761 1281 transmissus
785 1209 951 1298 alendus,
973 1224 1009 1282 et
1032 1234 1052 1281 a
1077 1208 1371 1306 Burgundionum
1394 1209 1494 1280 duce
1515 1231 1596 1278 cum

536 1324 676 1399 honore
691 1341 859 1424 exceptus
870 1325 1090 1423 fideliterque
1106 1341 1276 1416 servatus,
1289 1328 1517 1424 priusquam,
1535 1347 1596 1422 pa·

537 1458 590 1518 tre
607 1459 766 1534 mortuo,
791 1468 855 1540 pcr
872 1444 1039 1514 comitem
1057 1442 1103 1514 de
1120 1449 1172 1516 W
1170 1443 1288 1514 arviclr
1302 1444 1541 1518 accersiretur
1552 1437 1596 1509 ad

538 1585 686 1654 regnum
706 1587 714 1630 τ
734 1557 797 1632 ubi
819 1583 900 1630 cum
926 1558 1071 1657 praesato
1089 1559 1194 1629 etiam
1218 1558 1399 1656 Delphina
1421 1557 1597 1630 amicitias

537 1675 734 1772 copularat.
753 1673 848 1760 Quin
871 1673 1000 1769 etiam,
1020 1687 1252 1770 posteaquam
1268 1672 1364 1744 idern
1382 1671 1593 1752 Eduardus,

537 1790 641 1888 pulso
654 1790 828 1879 ilenrico,
845 1789 881 1860 in
896 1787 1091 1884 anglorum
1107 1811 1224 1885 regern
1237 1791 1366 1861 exstitit
1382 1789 1596 1862 sublimatus

537 1902 879 2002 quodammodoque
905 1904 1097 1997 stabilitus,
1118 1929 1201 1978 oum
1228 1905 1358 1976 eodem
1385 1905 1487 1978 idem
1515 1902 1595 1974 Del·

537 2019 669 2118 pbinus
692 2042 768 2090 non
783 2019 896 2090 modo
914 2021 1106 2111 amicitias,
1132 2021 1194 2093 sed
1216 2034 1312 2093 arcta
1335 2021 1442 2092 etiam
1463 2017 1594 2091 l'oedera

537 2135 667 2208 dicitur
693 2135 833 2224 iniisse,
852 2131 930 2208 non
945 2139 1085 2210 nescius
1103 2139 1293 2226 Carnium,
1312 2153 1460 2236 patrem*
1470 2159 1591 2218 sunm,

537 2276 621 2324 eum
637 2251 736 2324 velut
750 2251 894 2325 bostem
908 2267 1154 2350 reputantem,
1169 2253 1214 2325 ad
1231 2253 1493 2325 restituendum
1507 2255 1597 2322 Heu·

537 2366 651 2443 ricurn
669 2391 795 2464 magna
812 2391 898 2439 cura
918 2383 953 2438 et
970 2369 1091 2440 studio
1106 2368 1304 2441 intendere.
1326 2373 1369 2438 Et
1386 2366 1593 2468 eat-quidem

537 2483 715 2574 amicitia,
733 2483 856 2579 quoad
876 2482 1045 2572 Carolus,
1065 2509 1149 2555 snus
1166 2498 1279 2584 pater,
1304 2498 1484 2583 superstes
1508 2482 1593 2568 suit,

538 2598 685 2673 durasse
700 2600 831 2698 potuit.
861 2599 1012 2686 Qualem
1040 2623 1148 2684 vero,
1179 2614 1281 2698 patre
1303 2601 1410 2672 rebus
1427 2595 1594 2673 humanis

538 2728 728 2811 exempto,
758 2713 972 2786 soliditatem
1000 2717 1207 2804 servaverit,
1227 2715 1309 2788 loco
1333 2741 1398 2788 suo
1425 2718 1474 2814 (si
1501 2719 1594 2787 Deus

538 2829 750 2922 donaverit)
769 2831 806 2899 in
823 2829 1052 2923 sequentibus
1070 2832 1275 2904 referemus.

587 2949 737 3030 Quantae
754 2957 872 3013 autem
888 2943 1080 3014 bominum
1106 2959 1239 3042 strages
1257 2945 1463 3044 caedesque,
1490 2943 1593 3047 pulso

539 3060 723 3155 ejectoque
749 3060 926 3149 chrico‚
948 3073 1039 3156 quot
1063 3063 1196 3160 rapina
1219 3063 1512 3162 direptionesque
1531 3059 1594 3133 bo·

540 3198 672 3246 norum
696 3189 732 3246 et
756 3173 950 3246 domorum
971 3175 1203 3274 expilationes
1231 3181 1359 3278 passim
1381 3205 1445 3278 per
1469 3199 1593 3252 omnes

539 3291 640 3386 regni
662 3292 795 3387 Angliae
816 3292 990 3362 terminos
1006 3291 1108 3365 lactae
1131 3293 1281 3378 suerint,
1301 3319 1427 3366 eorum
1455 3292 1593 3394 potissi-

539 3431 639 3477 mum
656 3406 720 3502 qui
738 3406 891 3504 partium
908 3429 1054 3476 suarum
1077 3407 1227 3478 studiosi
1244 3409 1349 3480 luisse
1368 3423 1589 3493 notarentur,

539 3523 598 3592 vix
610 3522 682 3594 ulla
693 3521 897 3593 narratione
908 3545 972 3592 seu
986 3521 1186 3594 elocutione
1198 3526 1328 3620 aequari
1340 3542 1471 3624 posset.
1486 3531 1592 3598 Tanta

541 3637 637 3708 enim
649 3635 817 3709 saeviendi
831 3635 973 3708 licentia
990 3651 1066 3708 toto
1085 3661 1196 3734 regno
1208 3641 1376 3737 permissa
1391 3641 1589 3724 ridebatur,

541 3767 773 3847 utnusquam
791 3775 891 3849 paene
908 3753 1053 3849 aliquis,
1072 3777 1277 3852 quanquam
1292 3758 1433 3847 insons,
1453 3777 1592 3857 praeser-

542 3869 605 3940 tim
635 3869 665 3940 si
688 3867 870 3939 facultates
892 3866 1036 3966 aliquas¹
1058 3868 1191 3942 habere
1217 3887 1413 3969 putaretur,
1444 3875 1592 3946 intactus

436 4032 441 4045 ·
541 3998 713 4055 maneret.
732 3983 835 4054 Unde
851 3997 887 4054 et
902 3984 1061 4082 plurimi,
1080 3985 1224 4058 leralem
1241 3989 1336 4060 illam
1354 3989 1488 4062 rabiem
1507 3987 1592 4062 ellu-

542 4125 625 4196 gerc
648 4124 723 4171 non
747 4099 834 4170 alias
851 4123 955 4196 posse
978 4127 1085 4199 quam
1110 4103 1313 4201 perfugam
1337 4107 1588 4189 existimantes,

541 4217 588 4288 ad
604 4217 735 4288 alienas
753 4231 866 4288 terras
880 4239 958 4287 sese
980 4217 1252 4308 traintulerunt,
1271 4245 1309 4294 se
1332 4221 1467 4294 felicius
1484 4220 1591 4294 multo

542 4331 690 4404 ubilibet
711 4331 871 4404 exsulare
895 4347 1118 4431 reputantes,
1137 4359 1266 4433 quam,
1286 4339 1324 4410 in
1344 4341 1496 4438 propriis
1514 4335 1592 4412 lari-

541 4447 630 4540 bus,
647 4448 755 4521 tantis
769 4473 808 4520 se
826 4447 1006 4546 objectare
1025 4473 1089 4522 seu
1105 4453 1310 4549 permittere
1327 4453 1523 4526 furoribus.
