3892 5892
513 898 571 957 ll!
801 892 1059 957 ffls‘rttlttauun
1077 896 1215 957 canon
1234 898 1287 955 vlt

499 1018 725 1122 ¹appellatur,
743 1012 790 1091 ad
813 1012 1075 1114 subjiciendum
1094 1017 1163 1091 sibi
1185 1032 1221 1091 et
1236 1018 1453 1119 capiendum
1469 1019 1575 1119 oppi-

513 1137 603 1209 dum
618 1136 757 1233 Diepae,
774 1130 874 1231 quod
888 1133 1063 1231 estsitum
1079 1157 1155 1206 ncn
1169 1133 1298 1233 procul
1312 1133 1359 1207 ab
1377 1133 1439 1207 illo
1455 1149 1575 1207 castro

512 1254 549 1326 in
572 1252 693 1325 littore
716 1250 844 1341 maris,
863 1250 900 1321 in
926 1274 1001 1347 quo
1028 1250 1166 1350 oppido
1192 1251 1261 1325 alia
1281 1258 1391 1349 quam
1418 1251 1465 1327 de
1490 1252 1577 1352 ipsis

512 1367 649 1443 civibus
665 1366 710 1440 ab
727 1365 846 1465 Anglis
864 1366 1028 1439 custodia
1044 1368 1193 1440 minime
1208 1368 1325 1467 posita
1341 1367 1473 1462 fuerat,
1487 1369 1575 1441 insi·

512 1486 591 1560 dias
606 1484 767 1559 tetendit.
783 1488 867 1556 Erat
879 1484 977 1555 enirn
988 1499 1055 1576 ,but
1069 1486 1192 1585 patriae
1209 1485 1351 1585 accola,
1364 1483 1590 1560 munitionis

512 1602 673 1701 ejusdem
698 1616 734 1673 et
751 1602 917 1673 locorum
944 1626 1011 1701 per
1031 1628 1112 1701 quae
1133 1603 1181 1675 ad
1207 1602 1484 1701 ingrediendum
1514 1605 1575 1703 ip-

512 1745 592 1792 sum
613 1721 672 1792 via
696 1732 817 1819 patere
842 1732 982 1817 posset,
998 1744 1077 1791 non
1102 1720 1257 1819 ignarus.
1278 1724 1369 1792 Cum
1388 1722 1507 1818 itaque
1530 1746 1574 1793 ex

512 1850 613 1935 parte
629 1833 745 1905 amnis
757 1833 858 1929 juxta
878 1833 1118 1925 decurrentis,
1131 1836 1194 1933 qui
1207 1836 1362 1908 influens
1377 1860 1477 1908 mare
1490 1860 1575 1937 por·

513 1964 589 2025 tum
616 1948 703 2021 inibi
721 1948 821 2036 facit,
841 1949 1148 2025 animadvertisset
1171 1951 1306 2050 absque
1331 1977 1461 2051 magna
1480 1952 1573 2025 diffi-

511 2066 642 2139 cultate
670 2064 847 2164 oppidum
875 2065 1015 2161 ingredi
1041 2092 1173 2166 posse,
1207 2068 1357 2141 collecta
1376 2066 1572 2152 ‚satellitum

512 2187 732 2254 Francorum
757 2182 840 2253 satis
861 2204 972 2280 parva
996 2206 1128 2276 manu,
1143 2199 1271 2273 noctu,
1287 2185 1382 2257 circa
1405 2184 1574 2259 kalendas

512 2294 719 2370 novembris
729 2301 752 2385 ¹,
767 2295 975 2367 transmisso
988 2321 1114 2388 amne,
1131 2298 1194 2395 qui
1211 2323 1294 2370 cum
1312 2323 1410 2371 mare
1425 2300 1574 2371 refluxe-

511 2415 557 2486 rit
573 2414 656 2485 satis
673 2410 775 2484 facile
790 2409 1014 2483 transvadari
1025 2426 1161 2511 potest,
1181 2413 1343 2485 adnectis
1361 2413 1476 2504 scalis,
1492 2439 1568 2485 mu·

513 2554 607 2619 rum,
628 2528 690 2626 qui
706 2526 778 2599 illic
793 2525 898 2600 valde
915 2528 1062 2625 exiguus
1078 2544 1114 2601 et
1129 2530 1368 2603 incustoditus
1378 2545 1471 2625 erat,
1490 2556 1575 2603 cum
1705 2623 1709 2634 Ι

511 2645 584 2716 suis
610 2639 846 2732 transcendit,
871 2655 928 2728 et,
952 2641 1091 2713 civibus
1116 2667 1247 2715 somno
1276 2643 1446 2743 sepultis,
1470 2645 1575 2743 oppi-

511 2760 601 2831 dum
626 2757 687 2829 illo
715 2756 827 2827 modo
850 2758 988 2854 accepit
1010 2772 1046 2829 et
1074 2758 1270 2853 acquisivit.
1294 2759 1404 2847 Quod
1421 2784 1505 2856 curn
1526 2760 1575 2833 ita

511 2874 644 2947 facturn
658 2873 861 2959 exstitisset,
886 2870 988 2963 illuc,
1006 2888 1089 2971 post
1104 2872 1180 2946 dies
1198 2897 1273 2945 non
1295 2875 1444 2966 multos,
1465 2881 1575 2948 Fran-

511 3014 637 3061 corum
653 2988 805 3060 militum
825 2985 1021 3060 multitudo
1038 2988 1153 3085 major
1169 2990 1356 3083 confinxit.
1377 2996 1460 3067 Erat
1476 2996 1574 3066 enirn

511 3105 561 3177 eis
580 3117 805 3204 opportunus
828 3101 929 3174 locus
956 3102 1003 3175 ad
1022 3104 1161 3203 praedas
1186 3088 1363 3178 iaciendas
1379 3128 1446 3208 per
1461 3124 1574 3183 totam

511 3220 609 3293 illam
635 3219 874 3293 Caletensium
901 3222 1055 3318 patriam
1083 3236 1119 3294 et
1147 3221 1452 3322 Rothomagenses
1485 3224 1575 3299 fines

511 3335 766 3431 incursandos,
784 3335 848 3408 ubi
868 3352 944 3409 erat
960 3338 1063 3434 quasi
1083 3337 1186 3411 sedes
1209 3340 1318 3422 totius
1339 3339 1481 3439 imperii
1502 3345 1573 3413 An-

513 3456 655 3553 glorum
674 3454 711 3525 in
737 3478 848 3551 regno
874 3458 1114 3545 Francorum,
1135 3453 1250 3542 unde,
1268 3454 1353 3551 quia
1377 3455 1438 3528 illa
1459 3456 1574 3557 patria

512 3586 589 3643 turn
611 3570 694 3642 satis
715 3570 874 3667 locuples
897 3584 933 3641 et
955 3569 1125 3642 omnihus
1145 3569 1251 3642 bonis
1273 3570 1400 3642 referta
1415 3585 1508 3663 erat,
1526 3570 1573 3644 ad

511 3686 613 3758 illum
623 3684 757 3770 locum,
769 3683 920 3755 velutad
933 3708 1128 3756 commune
1139 3684 1325 3781 quoddam
1337 3682 1574 3758 latrocinandi

511 3798 729 3898 emporium,
745 3796 975 3896 quamplures
990 3796 1227 3894 confugerant
1247 3823 1267 3871 e
1287 3800 1451 3891 Francis,
1470 3815 1506 3872 et
1529 3826 1573 3873 ex

512 3916 604 3989 illius
616 3930 716 3988 terrae
727 3910 908 3984 nobilibus
919 3913 1116 4011 potissime.
1139 3914 1260 3986 Plures
1275 3916 1373 3987 enirn
1387 3939 1430 3988 ex
1446 3915 1572 3989 iisdem
1698 3992 1714 4017 ·

436 4033 441 4047 '
512 4010 708 4119 nobilibus,
721 4026 1118 4127 Angloruinimperium
1131 4030 1310 4128 aspernati
1325 4046 1361 4103 et
1374 4029 1570 4129 dedignati,

512 4159 629 4246 partes
652 4142 743 4237 regis
765 4146 987 4214 Francorum
1007 4142 1120 4215 secuti
1139 4142 1297 4236 fuerant,
1316 4148 1378 4244 qui
1396 4172 1574 4247 pauperes

512 4277 548 4334 et
574 4263 720 4355 inopes,
745 4256 842 4329 velut
867 4256 945 4356 lupi
972 4257 1145 4351 famelici,
1163 4258 1220 4333 ad
1245 4262 1402 4359 praedam
1427 4265 1474 4336 de
1502 4266 1574 4336 suis

511 4376 621 4449 etiam
648 4374 801 4475 propriis
829 4371 1040 4447 hominibus
1064 4399 1108 4449 ac
1132 4374 1304 4469 subditis,
1331 4380 1394 4477 qui
1422 4381 1573 4480 patriam

553 4624 582 4682 l.
605 4624 646 4679 Le
658 4618 800 4681 vendredi
810 4623 850 4683 2⁸
864 4617 983 4681 octobre
996 4624 1087 4685 tttt.
