3892 5892
725 919 1035 1021 unmourmus.‘
1350 942 1404 1006 su

354 1091 433 1159 cem
461 1091 525 1172 per
539 1083 622 1144 ante
643 1067 786 1144 duobus
810 1069 1063 1169 potentissimis
1080 1067 1290 1144 adversariis
1307 1083 1414 1168 atque

355 1185 535 1277 hostibus,
551 1183 746 1258 Laneeloto
768 1185 947 1284 primum,
965 1187 1219 1282 ilungarorum
1235 1208 1339 1282 rege,
1359 1209 1414 1257 se·

355 1301 475 1375 cundo
502 1303 682 1391 ilenrico,
709 1299 905 1400 bogiorum
931 1320 1036 1398 rege,
1058 1323 1159 1400 paene
1187 1313 1286 1374 extra
1313 1325 1413 1400 spem

354 1415 546 1491 homiuum
575 1417 783 1508 liberasset,
821 1418 928 1491 tertio
960 1417 1070 1490 etiam
1104 1428 1146 1489 et·
1172 1417 1292 1490 Caroli
1323 1417 1416 1514 regis

355 1535 593 1635 potentissimi
608 1535 714 1607 minis
728 1557 770 1608 ac
784 1533 980 1607 terroribus
995 1533 1149 1608 absolvit
1164 1545 1199 1606 et
1214 1534 1357 1608 exemit.
1372 1537 1413 1605 ln

354 1649 488 1749 quibus
503 1651 664 1752 profecto
680 1647 821 1723 casibus
839 1648 952 1721 videri
969 1649 1147 1749 aliquibus
1164 1656 1281 1749 potest
1298 1653 1415 1722 Deum

355 1768 517 1864 ejusdem
538 1768 640 1842 ducis
665 1767 864 1866 specialiter
886 1776 1128 1866 protectorem
1150 1779 1258 1865 etque
1284 1789 1419 1866 propu-

355 1895 566 1981 gnatorem,
585 1895 621 1954 et
636 1883 674 1954 in
689 1903 756 1954 sua
767 1880 999 1956 tribulatione
1016 1883 1052 1954 in
1073 1881 1339 1982 opportunitate
1355 1879 1419 1954 ud·

354 1998 514 2098 jutorum
528 1997 647 2070 luisse.

405 2109 503 2185 Obiit
519 2123 638 2188 autem
651 2115 760 2187 eutis
775 2135 848 2185 suc
864 2135 962 2186 nuno
983 2114 1200 2211 sexagesimo
1218 2115 1360 2212 primo,
1381 2113 1418 2185 in

355 2215 473 2302 cestro
501 2229 561 2301 cui
590 2250 725 2302 nomen
756 2227 985 2322 ldodiuum⁸,
1016 2225 1063 2301 ub
1092 2227 1181 2300 urbe
1211 2229 1421 2303 bituricensi

356 2344 510 2418 distume
524 2359 681 2445 quotuor
693 2345 817 2435 leucis,
828 2367 926 2435 cum,
936 2360 977 2418 ut
991 2343 1232 2446 prediximus,
1243 2353 1423 2443 regnasset

356 2484 472 2534 anuos
499 2461 643 2558 triginta
670 2485 817 2534 novem.
847 2459 947 2532 Obiit
976 2475 1097 2535 autem
1125 2473 1292 2534 currente
1321 2481 1419 2533 enno

358 2575 548 2651 dominicae
563 2578 819 2650 incarnationis
831 2601 1036 2671 uccccsxr„
1051 2579 1088 2650 iu
1102 2576 1161 2651 die
1173 2577 1287 2650 beetae
1302 2577 1420 2650 blariae

355 2691 573 2791 Magdalenae
580 2697 603 2786 ¹,
624 2714 748 2765 mense
760 2691 865 2788 julio.
882 2697 955 2766 Nec
971 2695 1048 2767 sine
1063 2693 1193 2766 veneni
1215 2692 1420 2791 suspicione

357 2835 455 2882 mors
467 2811 543 2910 ipsu
553 2810 703 2906 contigit
717 2831 727 2880 τ
743 2807 844 2908 quod
855 2809 933 2909 ipse
945 2807 1066 2882 adhuc
1082 2795 1174 2906 oegtir
1184 2806 1419 2898 decumbens,

356 2927 548 3027 saepissime
571 2937 725 3025 questus
748 2925 855 2998 luisse
877 2924 1021 2999 dicitur.
1046 2923 1115 2998 Sed
1138 2935 1175 3002 et
1194 2923 1289 2998 hauc
1309 2923 1423 3022 suspi-

309 3089 325 3104 -
357 3042 502 3115 cionem
516 3065 592 3114 noo
610 3039 795 3115 modicum
812 3039 974 3135 adauxit,
996 3037 1094 3139 quod
1115 3037 1256 3114 nullum
1272 3054 1334 3112 aut
1355 3039 1423 3112 mi·

357 3159 499 3242 nimum
523 3155 569 3229 de
587 3157 663 3254 ejus
684 3153 789 3228 obitu
807 3155 923 3229 dictus
948 3154 1170 3258 Delphinus,
1188 3157 1265 3252 ejus
1287 3156 1425 3254 primo·

358 3273 511 3372 genitus,
526 3271 665 3344 luctum
682 3269 802 3362 duxit,
819 3271 884 3343 sed
897 3271 945 3361 ei,
959 3271 1023 3368 qui
1039 3271 1157 3370 primo
1175 3269 1273 3344 adse
1290 3269 1336 3343 de
1352 3268 1424 3344 huo

360 3385 529 3462 nuntiuin
544 3383 680 3479 attulit,
695 3394 868 3482 tanquam
890 3381 960 3457 sibi
971 3383 1234 3482 jucundissima
1249 3397 1426 3483 portasset

360 3529 477 3597 nova,
510 3494 663 3577 donaria
692 3498 794 3574 dedit
824 3523 901 3573 non
931 3498 1209 3576 contemnenda.
1245 3505 1315 3572 Pro
1348 3525 1423 3600 quo

360 3621 482 3713 eoam,
499 3642 584 3691 cum
601 3619 721 3690 statim
736 3617 784 3691 sd
795 3616 973 3718 oppidum
985 3617 1197 3710 Hunnouiae,
1213 3617 1272 3690 cui
1287 3641 1424 3691 nomeu

361 3750 416 3812 est
442 3741 606 3810 Avennes
626 3735 818 3827 Comitis⁸,
837 3758 915 3808 uno
938 3733 999 3808 die
1023 3735 1150 3808 missas
1173 3735 1424 3836 exsequiarum

361 3879 464 3931 more
497 3849 671 3936 mediocri
695 3864 732 3924 et
754 3874 868 3952 parva
895 3877 981 3925 cum
1011 3850 1237 3924 solemnitate
1268 3849 1347 3925 fieri
1372 3852 1424 3926 ie·

361 3973 488 4064 cisset,
507 3972 587 4072 ipso
605 3969 664 4046 die
689 3985 772 4071 post
787 3969 990 4062 meridiem,
1009 3995 1048 4044 se
1071 3970 1194 4044 tunica
1216 3969 1427 4044 brevissima

362 4112 406 4160 ex
430 4087 544 4162 rubeo
569 4102 605 4162 et
629 4085 714 4162 albo
742 4111 867 4189 panno
896 4089 1027 4189 partita
1055 4087 1231 4180 vestiens,
1250 4101 1287 4160 et
1316 4101 1425 4187 ceput

363 4202 538 4277 similibus
552 4204 684 4304 partito
700 4203 884 4278 coloribus
898 4207 997 4305 pileo
1011 4205 1237 4304 cooperiens,
1255 4218 1427 4279 venatum

363 4321 538 4420 perrexit,
557 4323 630 4394 suis
653 4321 822 4395 omnibus
846 4320 954 4395 simili
970 4322 1109 4423 ¹amictu
1133 4320 1282 4395 ornatis.
1300 4319 1371 4398 Sed
1390 4336 1428 4396 et

405 4519 434 4577 l.
457 4516 739 4580 bicon-sur-Yevre.

404 4609 435 4666 s.
458 4607 498 4664 ss
509 4605 613 4680 niues

406 4689 436 4748 t.
459 4690 601 4764 svesnes,
613 4687 752 4750 uotmiois
758 4685 1260 4769 Avenestecomteue‘pmemenr
1272 4683 1312 4746 du
1325 4683 1416 4748 ilerd.
