3892 5892
750 889 862 957 mul
881 888 1033 949 antuus.
1394 892 1432 949 ΞΘ

371 1030 406 1090 et
415 1013 584 1115 predicto
596 1028 713 1087 castro
724 1014 845 1087 Sancti
854 1014 999 1088 Antonii
1010 1013 1182 1088 excedere
1191 1015 1322 1089 invitos
1332 1039 1433 1090 coar-

370 1145 526 1205 ctarent:
537 1131 586 1203 sic
595 1129 696 1228 quod
705 1128 792 1203 tubs
802 1130 993 1231 ipsaregia,
1004 1129 1110 1231 plebe
1121 1131 1270 1205 civitatis
1280 1132 1434 1206 maxime

371 1246 527 1337 favente,
539 1248 577 1319 in
594 1245 890 1344 Burgundionum
906 1244 1009 1319 ducis
1025 1262 1235 1347 potestatem
1249 1262 1357 1346 atque
1373 1247 1435 1321 ad·

370 1363 667 1437 ministrationem
683 1362 870 1444 concessit.
885 1366 986 1433 Unus
1000 1376 1120 1435 autem
1134 1368 1352 1436 Francorum
1368 1366 1434 1437 mi·

369 1479 474 1552 litum
485 1494 651 1553 strenuus
666 1478 789 1571 valde,
799 1479 1053 1577 Tennequinus
1067 1479 1113 1553 de
1127 1485 1277 1574 Castro¹,
1289 1482 1434 1556 natione

371 1595 486 1689 Brito,
503 1620 561 1669 res
579 1620 727 1694 prorsus
742 1594 945 1691 desperatas
967 1594 1176 1686 arbitratus,
1194 1598 1223 1669 si
1239 1598 1348 1670 etiam
1363 1602 1432 1672 Ca·

370 1710 470 1783 rolus
485 1714 567 1800 Vll,
587 1712 741 1809 quitum
756 1709 854 1783 solus
871 1735 914 1785 ex
930 1712 1036 1809 regiis
1049 1711 1130 1785 liliis
1146 1728 1323 1813 superstes
1338 1728 1431 1807 erat,

370 1853 456 1903 cum
467 1842 567 1929 patre
580 1853 646 1902 suo
660 1829 696 1900 in
711 1829 788 1928 ipsa
804 1827 893 1900 urbe
905 1827 971 1900 sub
986 1826 1123 1903 ditione
1138 1828 1434 1928 Burgundionum

370 1943 642 2044 relinqueretur,
675 1956 831 2017 armatus
855 1946 975 2044 ipsum
997 1944 1166 2019 Carolum
1184 1949 1266 2037 Vll,
1286 1947 1434 2020 vixdum

371 2056 590 2157 puberem,e
606 2059 717 2132 domo
731 2059 829 2156 regia
839 2060 960 2132 Sancti
973 2060 1242 2162 Pauli'raptum
1258 2087 1380 2137 secum
1395 2065 1433 2136 iu

370 2200 486 2275 equo,
505 2200 579 2273 quo
599 2175 809 2267 vehebatur,
829 2177 1040 2275 exportavit.

420 2300 464 2369 Et
482 2321 525 2369 er
541 2311 627 2369 tunc
649 2320 775 2371 omues
798 2296 944 2390 Franci,
962 2296 1261 2394 Burgundionum
1276 2300 1431 2397 inimici,

371 2426 483 2485 terras
499 2412 599 2510 regni
614 2436 694 2509 quae
709 2412 747 2483 in
763 2409 940 2483 ditionem
959 2410 1120 2511 ipsorum
1136 2412 1433 2511 Burgundionum

370 2552 446 2600 nnn
463 2526 723 2626 pervenerant,
743 2526 854 2626 ipsius
873 2527 992 2600 Caroli
1011 2529 1074 2598 Vll
1096 2528 1243 2602 nomine
1259 2554 1382 2627 regere
1397 2548 1434 2605 et

371 2643 618 2717 administrare
629 2657 828 2744 coeperunt,
838 2657 1011 2742 tanquam
1023 2641 1116 2715 illius
1122 2644 1186 2743 qui
1194 2643 1334 2719 iuturus
1343 2662 1434 2721 esset

370 2760 482 2833 haeres
499 2763 649 2833 omnino
669 2761 784 2856 regni,
805 2761 835 2832 si
857 2759 950 2860 patri
969 2784 1036 2833 suo
1059 2775 1235 2861 superstes
1256 2781 1429 2838 maneret.

373 2879 451 2949 Non
468 2876 566 2949 enim
582 2888 682 2975 patre
693 2875 836 2948 vivente
853 2899 891 2947 se
907 2899 1027 2972 regem
1046 2874 1255 2976 appellarit3
1275 2878 1339 2951 sed
1355 2894 1433 2955 tan·

373 2989 582 3081 tummod0,
602 3003 773 3089 tanquam
796 2992 889 3089 regis
910 2994 1190 3091 primogenitus,
1213 2993 1433 3096 Delphinum

372 3110 612 3181 Viennensem
643 3131 721 3179 sese
751 3105 954 3206 appellabat
978 3124 1086 3207 atque
1111 3109 1327 3185 intitulabat.
1358 3114 1434 3187 Sibi

372 3248 457 3321 ergo
471 3238 506 3297 et
522 3224 598 3321 ejus
612 3223 760 3297 nomine
777 3224 923 3316 Franci,
942 3237 979 3297 et
993 3240 1120 3297 contra
1138 3226 1430 3323 Burgundiones,

373 3353 407 3413 et
422 3354 549 3413 contra
561 3339 710 3435 lnglos,
729 3337 966 3432 dimicabant,
984 3352 1021 3412 et
1034 3338 1180 3413 bellicas
1195 3365 1279 3416 suas
1292 3345 1434 3444 expedi·

373 3456 489 3527 tiones
503 3453 696 3528 ducebant.

421 3575 466 3643 Et
482 3584 672 3671 propterea
687 3584 762 3642 tam
775 3569 887 3668 longo
904 3570 1092 3669 repetitam
1108 3570 1259 3645 exordio
1272 3588 1432 3647 nostram

372 3690 558 3787 hucusque
579 3688 821 3761 narrationem
842 3689 1102 3787 protraximus,
1116 3702 1156 3760 ut
1174 3688 1331 3763 adhunc
1347 3704 1434 3763 tem·

373 3807 470 3907 poris
490 3805 679 3879 articulum
698 3803 822 3877 debito
840 3803 969 3877 ordine
983 3806 1206 3901 veniremus,
1225 3831 1302 3906 quo
1318 3811 1433 3881 Caro-

373 3924 429 3997 lus
445 3926 528 4010 Vll,
548 3936 649 4021 patre
664 3920 747 3994 licet
760 3919 880 3993 adhuc
899 3922 1087 4019 superstite
1101 3935 1138 3995 et
1153 3922 1295 3997 titulum
1308 3926 1434 4023 regalis

373 4038 523 4111 honoris
545 4039 737 4122 retinente,
755 4035 802 4110 de
819 4035 912 4109 facto
929 4050 1050 4110 tamen
1070 4039 1247 4138 imperare
1269 4043 1378 4141 coepit
1398 4057 1434 4115 et

375 4153 554 4227 dominari
570 4154 607 4226 in
628 4152 764 4251 majore
777 4165 879 4252 parte
896 4154 1014 4251 regni,
1036 4154 1199 4251 quamvis
1217 4156 1309 4254 regis
1330 4156 1433 4231 titulo

375 4268 579 4344 abstineret.

417 4531 447 4590 l.
467 4522 617 4604 Tannegui
628 4523 668 4583 du
682 4522 780 4584 Chttel

417 4616 447 4675 2.
468 4613 580 4675 L’bdtel
594 4612 763 4676 saint-Paul
