3892 5892
708 878 819 939 usus
836 878 1020 951 Quassus

704 1146 956 1219 carnutum
983 1150 1029 1218 x.

339 1339 497 1412 Quen.
508 1340 648 1397 msam
660 1303 814 1415 mlum
827 1354 855 1396 a
872 1340 1016 1398 seneen
1035 1342 1147 1399 sene·
1163 1345 1402 1419 neeman,

375 1428 518 1488 sediuouea
530 1428 598 1485 inter
609 1430 709 1513 Araplos
720 1444 781 1485 sunt
791 1429 919 1498 subortu
931 1444 957 1485 et
968 1429 1003 1487 de
1015 1432 1191 1491 exstinctione
1202 1432 1279 1489 ducis
1294 1436 1404 1493 Gloees·
1457 1438 1462 1447 '

376 1521 434 1576 trin
448 1534 474 1575 et
484 1520 603 1595 episcopi
614 1520 811 1575 Cicbestrensis.

391 1690 498 1758 Facta
520 1684 640 1781 itaque
663 1698 718 1755 est
735 1682 847 1782 ipsius
863 1684 1014 1757 civitatis
1037 1683 1188 1760 deditio.
1213 1692 1302 1791 Quas
1326 1716 1404 1782 res,

343 1801 449 1875 simul
473 1816 510 1874 et
534 1816 665 1899 treugae
692 1824 776 1873 cum
801 1800 943 1873 Francis
971 1798 1122 1891 habitae,
1151 1804 1344 1877 maximam
1369 1807 1406 1878 in
1488 1824 1494 1835 ·

345 1917 507 2016 hugliam
522 1916 709 1991 turbarum
723 1941 766 1989 ac
783 1915 999 1989 seditionum
1017 1918 1246 1991 occasionem
1263 1922 1409 1994 invexe-

344 2048 441 2105 runt.
472 2030 647 2107 Ferebaut
677 2032 899 2133 displicuisse
929 2055 1072 2132 semper
1100 2032 1184 2108 duci
1206 2036 1408 2117 Glocestriae

345 2162 486 2245 treugas
502 2148 596 2246 ipsas
612 2173 696 2221 cum
707 2149 850 2220 Francis
865 2161 999 2247 captas,
1015 2149 1078 2247 qui
1094 2151 1186 2245 regis
1205 2153 1336 2249 hugliae
1348 2178 1410 2252 pa.

346 2279 447 2338 truus
475 2277 552 2335 erat
584 2276 620 2334 et
633 2264 722 2360 ejus
752 2262 948 2362 impuberis
977 2264 1125 2339 tutelam
1151 2266 1331 2363 totiusque
1359 2270 1409 2341 rei

347 2377 695 2451 administrationem
708 2377 822 2451 multo
841 2392 1005 2476 tempore
1021 2377 1207 2451 habuerat.
1229 2380 1412 2454 Existima-

348 2493 413 2566 bat
429 2494 519 2568 lorte
536 2494 628 2593 ipse,
646 2494 709 2591 qui
726 2494 885 2593 prudens
898 2495 954 2566 vir
969 2506 1006 2566 et
1022 2494 1059 2566 in
1071 2495 1196 2567 litteris
1214 2496 1297 2568 satis
1313 2521 1413 2569 com·

348 2625 512 2709 potenter
536 2611 716 2682 institutus
742 2624 840 2701 erat,
869 2634 1002 2709 easque
1026 2610 1224 2708 plurimum
1247 2609 1411 2703 amabat,

347 2724 498 2798 infirmis
513 2726 640 2797 animis
657 2725 876 2823 huglorum,
895 2742 933 2798 et
948 2751 1041 2825 quos
1060 2727 1107 2800 ad
1124 2726 1317 2799 seditiones
1331 2754 1415 2827 pro·

349 2840 456 2914 clives
473 2841 685 2941 deditosque
701 2868 778 2915 esse
794 2858 1013 2939 agnosceret,
1039 2856 1175 2915 metum
1192 2848 1415 2919 Francorum

348 2984 433 3032 cum
447 2957 581 3056 quibus
591 2958 686 3032 bella
698 2972 875 3057 gererent,
892 2973 1068 3057 tauquam
1085 2958 1231 3058 pupillis
1243 2970 1413 3051 tutorem,

352 3076 660 3172 pernecessarium
686 3089 794 3171 atque
819 3073 944 3146 utilem
969 3074 1066 3165 lore,
1098 3074 1207 3146 veluti
1235 3076 1298 3171 qui
1326 3098 1413 3167 eos,

351 3188 526 3287 quamdiu
553 3188 804 3285 hujuscemodi
826 3189 979 3259 externis
1005 3189 1171 3285 occupati
1196 3202 1413 3285 tenerentur,

352 3304 401 3377 ab
415 3304 590 3376 intestinis
602 3302 809 3377 etcivilibus
823 3300 1009 3375 cohiberet
1021 3317 1129 3399 atque
1139 3303 1348 3376 refrenaret.
1359 3306 1417 3379 Sic

353 3420 451 3493 enirn
475 3418 561 3493 olim
588 3418 646 3490 ille
671 3418 814 3515 sapiens
840 3416 959 3514 Scipio
984 3416 1109 3489 Nasica
1134 3430 1270 3491 metum
1293 3422 1418 3493 stantis

355 3534 579 3633 Carthaginis
596 3532 747 3605 infirmis
765 3535 1010 3603 Romanorum
1030 3531 1159 3605 animis
1177 3533 1417 3613 necessarium

356 3675 432 3723 esse
455 3646 644 3739 censebat3
675 3662 711 3721 et
735 3661 925 3747 propterea
948 3648 1094 3719 minime
1121 3672 1203 3720 cam
1227 3646 1419 3721 delendam

357 3790 446 3859 esse,
457 3766 559 3863 eujus
569 3765 693 3837 stantis
700 3779 817 3837 metus
824 3768 1070 3869 Romanorum
1083 3768 1236 3857 animos,
1246 3790 1291 3837 ne
1300 3764 1420 3839 civiles

358 3884 395 3955 in
422 3881 619 3955 discordias
646 3881 871 3970 haberentur,
900 3880 1033 3953 utiliter
1057 3880 1283 3981 prohibebat.
1316 3880 1421 3953 Unde

359 3998 555 4097 prudenter
569 3996 875 4071 animadvertebat
891 3997 986 4069 idem
1009 3996 1081 4070 dux
1103 3994 1307 4069 Glocestriae
1322 4021 1422 4069 eam·

361 4114 444 4186 dem
457 4115 615 4189 civilium
629 4117 721 4190 inter
737 4140 775 4189 se
786 4113 1047 4189 discordiarum
1060 4114 1313 4203 calamitatem,
1327 4136 1421 4209 qun,

362 4230 574 4325 Carthagine
596 4231 732 4323 deleta,
752 4232 840 4303 olim
857 4231 1030 4303 Romanis
1055 4230 1275 4325 contigerat,
1294 4229 1421 4301 sicum

363 4346 507 4417 Francis
521 4344 613 4419 bella
630 4362 772 4421 externa
788 4371 864 4419 non
887 4358 1069 4442 gererent,
1089 4344 1321 4417 verisimiliter
1341 4370 1422 4445 per·

244 4538 250 4547 ,
364 4477 564 4535 venturam.

414 4584 503 4669 Quae
525 4593 621 4651 certe
643 4579 753 4676 ipsius
775 4578 991 4653 existimatio
1013 4578 1183 4653 eumdem
1200 4581 1347 4677 minime
1372 4580 1427 4653 le*
